3306 5144
745 509 784 571 75

185 698 340 783 (Acharn.
364 720 396 764 v.
425 699 573 781 503—4),
604 719 680 783 quae
710 698 839 764 nullam
868 699 970 764 aliam
997 701 1198 765 sententiam
1224 700 1347 764 habere

185 827 329 905 possunt
349 820 415 884 nisi
437 820 535 898 hanc,
565 819 827 905 Aristophanem
850 823 955 905 queri,
979 821 1070 906 quod
1090 822 1192 886 Cleon
1211 821 1277 889 sibi
1291 821 1348 886 illa

186 941 409 1026 (ξένων-λέγει)
455 941 588 1005 crimini
632 940 768 1006 dederit.
842 942 908 1008 Sed
947 942 1066 1008 fefellit
1104 943 1215 1007 adhuc
1258 944 1347 1008 viros

185 1063 300 1128 doctos
310 1062 343 1145 ¹),
378 1069 587 1147 postremum
617 1063 831 1129 enuntiatum
864 1065 1127 1148 καὶ-Ἄθηυαίσυς,
1161 1063 1253 1148 quod
1274 1064 1349 1128 Plu·

183 1185 320 1249 tarchus
359 1185 467 1267 quasi·
497 1191 627 1268 partem
665 1186 815 1250 criminis
849 1186 981 1251 Cleonis
1020 1187 1091 1271 ipsc
1130 1185 1348 1271 Aristophani

183 1305 316 1382 subicit,
350 1304 480 1369 nullam
508 1312 623 1390 aptam
650 1306 773 1371 habere
803 1309 1020 1385 sentcntiam3
1055 1329 1165 1391 neque
1195 1307 1284 1371 enim
1313 1306 1348 1370 id

183 1428 290 1492 Cleon
311 1427 341 1491 ci
364 1427 496 1492 crimini
519 1426 629 1505 dabat,
655 1428 746 1512 quod
768 1429 865 1493 sociis
888 1428 1108 1513 praesentibus
1126 1429 1347 1492 Athenienses

181 1550 353 1626 excitaret,
388 1569 470 1612 nam
505 1549 660 1633 ineptum
695 1550 814 1614 luisset
848 1551 918 1614 eius
948 1550 1041 1615 modi
1069 1549 1197 1634 aliquid
1225 1549 1348 1614 Aristo

182 1671 291 1756 phani
324 1669 540 1754 exprobrare;
573 1671 740 1755 imprimis
773 1693 852 1736 vero
882 1693 952 1736 non
981 1678 1129 1756 apparet,
1164 1692 1223 1734 cur
1255 1671 1348 1753 socii,

181 1795 210 1858 si
242 1794 381 1858 omnino
411 1792 542 1858 facinus
570 1798 642 1856 erat
673 1791 902 1860 Athenienses
931 1793 1018 1857 male
1045 1792 1213 1876 loquendo
1242 1794 1348 1856 conci-

182 1923 264 1992 tare,
300 1914 421 1979 diserte
452 1914 703 1978 commemorati
726 1915 808 1992 sint;
843 1916 871 1978 si
900 1915 1031 1979 lacinus
1054 1922 1133 1993 crat,
1168 1920 1238 1979 erat
1260 1921 1346 1978 certe

181 2059 254 2102 non
294 2037 408 2100 minus
446 2033 641 2099 absentibus
680 2035 777 2099 sociis
810 2057 914 2120 quam
947 2035 1176 2121 praesentibus.
1243 2035 1348 2099 Facili

184 2159 390 2224 correctione
418 2156 546 2221 tollitur
575 2156 768 2234 difficultas;
799 2158 931 2241 scripsit
960 2158 1051 2221 enim
1072 2157 1272 2222 Plutarchus
1294 2157 1347 2220 καὶ

180 2282 235 2344 τόν
271 2279 406 2342 Κλέωνα
445 2281 523 2341 τοῦτ’
565 2278 706 2358 ἐγκαλεῖν
744 2303 839 2360 φησιν
871 2279 916 2341 ὅτι
952 2279 1060 2358 ιξένων
1092 2280 1260 2359 παρόντων
1291 2279 1347 2360 τὴν

180 2403 276 2464 πόλιν
303 2406 414 2470 κακῶς
436 2400 522 2480 λέγει’
548 2400 600 2462 καὶ
625 2401 798 2480 παροξύνει
820 2401 983 2470 τούτους
1005 2401 1215 2483 Ἂθηναίοις;
1239 2420 1345 2484 comp.
1382 2436 1393 2536 ς

182 2523 329 2607 Lycurg.
353 2521 389 2584 in
411 2521 558 2585 Lacerat.
582 2524 639 2587 87:
669 2520 723 2583 τὸν
747 2521 781 2583 δὲ
802 2522 1081 2604 περιλελειμμένον,
1109 2523 1347 2602 παροξυνθέντα

180 2653 228 2726 τῷ
251 2643 375 2724 Κόδρῳ
403 2643 456 2706 καὶ
485 2644 654 2724 νομίσαντα
684 2643 812 2725 πτωχὸν
835 2642 910 2706 εἶναι
932 2644 1009 2721 κτλ.;
1041 2642 1098 2706 sed
1122 2663 1200 2706 cum
1221 2642 1348 2706 Plutar-

181 2766 269 2829 chus
298 2769 496 2840 constanter,
530 2769 698 2847 quantum
727 2762 834 2841 video,
868 2765 947 2828 huic
982 2763 1084 2829 verbo
1117 2764 1347 2829 accusativum

180 2895 213 2951 et
248 2886 522 2971 praepositionem
559 2887 611 2948 ε’πί
641 2884 804 2968 adiungat
844 2885 1043 2968 (παροξύνειν
1075 2886 1140 2948 τινὰ
1174 2887 1226 2948 ε’πί
1255 2885 1344 2966 τινα),

180 3009 325 3076 dativus
348 3005 555 3090 (Ἀθηναίοις)
585 3007 706 3071 rectius
735 3029 776 3071 ex
803 3007 915 3072 Madv.
940 3006 1033 3090 Synt.
1059 3006 1113 3070 Gr.
1137 3006 1160 3090 ξ
1182 3010 1223 3072 34
1246 3007 1346 3090 expli-

180 3137 294 3206 catur;
323 3128 524 3194 vertendum
553 3129 655 3212 igitur
687 3127 786 3212 ‘quod
816 3129 913 3193 sociis
942 3127 1163 3213 praesentibus
1194 3127 1234 3192 de
1263 3126 1345 3191 urbe

180 3250 271 3316 male
294 3250 459 3334 loquatur,
483 3250 596 3332 itaque
619 3271 674 3314 eos
698 3250 775 3333 (scil.
795 3249 910 3332 socios)
924 3248 1186 3314 Atheniensibus
1205 3249 1345 3326 excitet,

180 3396 252 3439 non
279 3373 323 3452 jn
344 3371 585 3436 Athenienses.

175 3627 212 3691 p.
239 3607 314 3671 71ε
335 3604 423 3688 (cop.
449 3603 623 3686 XXXII).

268 3727 427 3808 παρρησία
458 3725 492 3787 δὲ
520 3725 637 3795 παντὸς
666 3725 783 3807 ἀνδρὸς
809 3727 912 3806 ἤθους
940 3727 1016 3794 ἴσως
1044 3725 1146 3796 δεῖται,
1182 3725 1235 3787 καὶ
1264 3726 1343 3786 τοῦτ’

183 3847 396 3930 ἀληθέστατόν
408 3848 486 3910 ἔστιν
498 3847 547 3909 ε’πὶ
558 3853 622 3910 τῶν
633 3848 758 3929 ἑτέρους
769 3847 1006 3909 νουθετούντων
1017 3846 1069 3909 καὶ
1082 3846 1346 3928 σωφρονιζόντων

182 3969 362 4051 λεγόμενον.

221 4219 242 4283 ¹)
262 4221 447 4289 Excipiendus
466 4227 506 4276 est
525 4222 652 4281 Cobetus
676 4222 722 4288 qui
744 4221 935 4288 (Mnemosyne
954 4221 986 4274 N.
998 4221 1046 4275 sl
1060 4237 1086 4288 p.
1097 4219 1159 4275 360)
1180 4216 1346 4285 ⁶...Utru1n‘

263 4309 353 4376 inquit
375 4314 466 4377 ‘putas
488 4309 595 4363 irritare
613 4309 797 4364 Athenienses
815 4309 1032 4376 Aristophanem
1050 4325 1086 4362 an
1103 4308 1250 4362 Cleonem?
1287 4305 1346 4361 Per·

265 4397 390 4464 spicuum
414 4402 456 4451 est
476 4397 509 4451 de
528 4397 629 4451 Cleone
647 4397 675 4451 id
694 4397 754 4450 dici.
800 4397 869 4462 Ergo
892 4392 1057 4459 παροξύνειν
1076 4412 1172 4450 verum
1192 4393 1249 4448 est*
1295 4397 1347 4450 Vix

266 4489 348 4550 recte;
367 4485 421 4538 vid
441 4500 502 4552 quae
521 4501 608 4552 supra
627 4484 774 4552 disputavi,
