<?xml version="1.0" encoding="UTF-8"?>
<!DOCTYPE html PUBLIC "-//W3C//DTD XHTML 1.0 Transitional//EN"
    "http://www.w3.org/TR/xhtml1/DTD/xhtml1-transitional.dtd">
<html xmlns="http://www.w3.org/1999/xhtml" xml:lang="en" lang="en">
 <head>
  <title>
</title>
<meta http-equiv="Content-Type" content="text/html;charset=utf-8" />
  <meta name='ocr-system' content='tesseract 3.04.00' />
  <meta name='ocr-capabilities' content='ocr_page ocr_carea ocr_par ocr_line ocrx_word'/>
</head>
<body>
  <div class='ocr_page' id='page_1' title='image "./studiacriticain00larsgoog_0081.png"; bbox 0 0 3306 5144; ppageno 0'>
   <div class='ocr_carea' id='block_1_1' title="bbox 870 484 910 545">
    <p class='ocr_par' dir='ltr' id='par_1_1' title="bbox 870 484 910 545">
     <span class='ocr_line' id='line_1_1' title="bbox 870 484 910 545; baseline 0 0"><span class='ocrx_word' id='word_1_1' title='bbox 870 484 910 545; x_wconf 73' lang='lat'>74</span> 
     </span>
    </p>
   </div>
   <div class='ocr_carea' id='block_1_2' title="bbox 300 673 1465 2336">
    <p class='ocr_par' dir='ltr' id='par_1_2' title="bbox 300 673 1465 2336">
     <span class='ocr_line' id='line_1_2' title="bbox 386 673 1461 758; baseline 0.003 -21"><span class='ocrx_word' id='word_1_2' title='bbox 386 673 452 737; x_wconf 89' lang='lat' dir='ltr'>Hic</span> <span class='ocrx_word' id='word_1_3' title='bbox 464 673 534 738; x_wconf 85' lang='lat' dir='ltr'>iam</span> <span class='ocrx_word' id='word_1_4' title='bbox 544 673 700 739; x_wconf 83' lang='lat' dir='ltr'>Reislrius</span> <span class='ocrx_word' id='word_1_5' title='bbox 713 674 889 752; x_wconf 80' lang='lat' dir='ltr'>dubitavit,</span> <span class='ocrx_word' id='word_1_6' title='bbox 910 675 969 758; x_wconf 92' lang='lat' dir='ltr'>qui</span> <span class='ocrx_word' id='word_1_7' title='bbox 981 677 1152 757; x_wconf 79' lang='grc' dir='ltr'><strong><em>προφέρειν</em></strong></span> <span class='ocrx_word' id='word_1_8' title='bbox 1163 674 1377 739; x_wconf 88' lang='lat' dir='ltr'>scribendum</span> <span class='ocrx_word' id='word_1_9' title='bbox 1390 697 1461 742; x_wconf 85' lang='lat' dir='ltr'>esse</span> 
     </span>
     <span class='ocr_line' id='line_1_3' title="bbox 302 775 1463 881; baseline 0.003 -23"><span class='ocrx_word' id='word_1_10' title='bbox 302 795 442 873; x_wconf 88' lang='lat' dir='ltr'>censuit,</span> <span class='ocrx_word' id='word_1_11' title='bbox 469 795 543 875; x_wconf 65' lang='lat' dir='ltr'>tnisi</span> <span class='ocrx_word' id='word_1_12' title='bbox 564 775 703 880; x_wconf 78' lang='lat' dir='ltr'>vulgata</span> <span class='ocrx_word' id='word_1_13' title='bbox 725 797 889 881; x_wconf 87' lang='lat' dir='ltr'>scripture</span> <span class='ocrx_word' id='word_1_14' title='bbox 906 796 946 861; x_wconf 91' lang='lat' dir='ltr'>de</span> <span class='ocrx_word' id='word_1_15' title='bbox 964 794 1221 880; x_wconf 80' lang='lat' dir='ltr'>cognominibus</span> <span class='ocrx_word' id='word_1_16' title='bbox 1240 795 1407 880; x_wconf 83' lang='lat' dir='ltr'>probrosis</span> <span class='ocrx_word' id='word_1_17' title='bbox 1426 798 1463 862; x_wconf 89' lang='lat' dir='ltr'>in</span> 
     </span>
     <span class='ocr_line' id='line_1_4' title="bbox 302 915 1463 1003; baseline 0.003 -23"><span class='ocrx_word' id='word_1_18' title='bbox 302 915 474 980; x_wconf 78' lang='lat' dir='ltr'>absentem</span> <span class='ocrx_word' id='word_1_19' title='bbox 503 916 633 981; x_wconf 87' lang='lat' dir='ltr'>iactatis</span> <span class='ocrx_word' id='word_1_20' title='bbox 660 918 890 1003; x_wconf 87' lang='lat' dir='ltr'>acciperetur’;</span> <span class='ocrx_word' id='word_1_21' title='bbox 926 923 1105 1000; x_wconf 81' lang='grc' dir='ltr'><em>προσειπεῖν</em></span> <span class='ocrx_word' id='word_1_22' title='bbox 1137 917 1184 980; x_wconf 85' lang='lat' dir='ltr'>ita</span> <span class='ocrx_word' id='word_1_23' title='bbox 1216 915 1282 981; x_wconf 87' lang='lat' dir='ltr'>dici</span> <span class='ocrx_word' id='word_1_24' title='bbox 1314 918 1463 1002; x_wconf 88' lang='lat' dir='ltr'>potuisse</span> 
     </span>
     <span class='ocr_line' id='line_1_5' title="bbox 302 1037 1464 1124; baseline 0.002 -23"><span class='ocrx_word' id='word_1_25' title='bbox 302 1045 389 1102; x_wconf 85' lang='lat' dir='ltr'>recte</span> <span class='ocrx_word' id='word_1_26' title='bbox 434 1045 535 1121; x_wconf 87' lang='lat' dir='ltr'>negat</span> <span class='ocrx_word' id='word_1_27' title='bbox 576 1038 794 1124; x_wconf 78' lang='lat' dir='ltr'>Hauptius1),</span> <span class='ocrx_word' id='word_1_28' title='bbox 839 1060 957 1105; x_wconf 89' lang='lat' dir='ltr'>verum</span> <span class='ocrx_word' id='word_1_29' title='bbox 1001 1037 1092 1123; x_wconf 91' lang='lat' dir='ltr'>quod</span> <span class='ocrx_word' id='word_1_30' title='bbox 1135 1038 1216 1122; x_wconf 80' lang='lat' dir='ltr'>ipse,</span> <span class='ocrx_word' id='word_1_31' title='bbox 1272 1039 1464 1103; x_wconf 90' lang='lat' dir='ltr'>coniectura</span> 
     </span>
     <span class='ocr_line' id='line_1_6' title="bbox 302 1159 1464 1245; baseline 0.002 -23"><span class='ocrx_word' id='word_1_32' title='bbox 302 1159 430 1223; x_wconf 83' lang='lat' dir='ltr'>Reiskii</span> <span class='ocrx_word' id='word_1_33' title='bbox 462 1180 583 1243; x_wconf 88' lang='lat' dir='ltr'>parum</span> <span class='ocrx_word' id='word_1_34' title='bbox 616 1159 781 1244; x_wconf 83' lang='lat' dir='ltr'>probabili</span> <span class='ocrx_word' id='word_1_35' title='bbox 813 1160 997 1245; x_wconf 75' lang='lat' dir='ltr'>repudiata,</span> <span class='ocrx_word' id='word_1_36' title='bbox 1040 1159 1260 1224; x_wconf 79' lang='lat' dir='ltr'>Plutarchum</span> <span class='ocrx_word' id='word_1_37' title='bbox 1293 1160 1464 1244; x_wconf 79' lang='lat' dir='ltr'>scripsisse</span> 
     </span>
     <span class='ocr_line' id='line_1_7' title="bbox 302 1279 1465 1365; baseline 0.003 -22"><span class='ocrx_word' id='word_1_38' title='bbox 302 1285 400 1365; x_wconf 85' lang='lat' dir='ltr'>putat</span> <span class='ocrx_word' id='word_1_39' title='bbox 427 1282 456 1343; x_wconf 85' lang='grc' dir='ltr'>τί</span> <span class='ocrx_word' id='word_1_40' title='bbox 484 1281 591 1350; x_wconf 76' lang='grc' dir='ltr'><em>δ’ἔπος</em></span> <span class='ocrx_word' id='word_1_41' title='bbox 619 1283 712 1344; x_wconf 82' lang='grc' dir='ltr'><em>εἰπεῖν</em></span> <span class='ocrx_word' id='word_1_42' title='bbox 734 1282 793 1347; x_wconf 81' lang='lat' dir='ltr'>vix</span> <span class='ocrx_word' id='word_1_43' title='bbox 815 1281 971 1346; x_wconf 86' lang='lat' dir='ltr'>Graecum</span> <span class='ocrx_word' id='word_1_44' title='bbox 993 1287 1052 1358; x_wconf 85' lang='lat' dir='ltr'>est,</span> <span class='ocrx_word' id='word_1_45' title='bbox 1087 1287 1173 1345; x_wconf 85' lang='lat' dir='ltr'>certe</span> <span class='ocrx_word' id='word_1_46' title='bbox 1203 1279 1331 1344; x_wconf 87' lang='lat' dir='ltr'>nullam</span> <span class='ocrx_word' id='word_1_47' title='bbox 1361 1281 1465 1346; x_wconf 85' lang='lat' dir='ltr'>habet</span> 
     </span>
     <span class='ocr_line' id='line_1_8' title="bbox 302 1400 1463 1487; baseline 0.002 -23"><span class='ocrx_word' id='word_1_48' title='bbox 302 1400 581 1486; x_wconf 86' lang='lat' dir='ltr'>probabilitatem.</span> <span class='ocrx_word' id='word_1_49' title='bbox 633 1402 684 1466; x_wconf 93' lang='lat' dir='ltr'>Ne</span> <span class='ocrx_word' id='word_1_50' title='bbox 706 1402 963 1486; x_wconf 64' lang='lat' dir='ltr'>bernardakiso</span> <span class='ocrx_word' id='word_1_51' title='bbox 991 1401 1128 1487; x_wconf 92' lang='lat' dir='ltr'>quidem</span> <span class='ocrx_word' id='word_1_52' title='bbox 1151 1400 1341 1466; x_wconf 86' lang='lat' dir='ltr'>emendatio</span> <span class='ocrx_word' id='word_1_53' title='bbox 1363 1427 1463 1484; x_wconf 83' lang='grc' dir='ltr'><em>προσ-</em></span> 
     </span>
     <span class='ocr_line' id='line_1_9' title="bbox 301 1522 1462 1608; baseline 0.003 -21"><span class='ocrx_word' id='word_1_54' title='bbox 301 1529 434 1587; x_wconf 80' lang='grc' dir='ltr'><em>επεινιεῐν</em></span> <span class='ocrx_word' id='word_1_55' title='bbox 466 1522 583 1607; x_wconf 85' lang='lat' dir='ltr'>placet,</span> <span class='ocrx_word' id='word_1_56' title='bbox 617 1544 693 1607; x_wconf 85' lang='lat' dir='ltr'>quae</span> <span class='ocrx_word' id='word_1_57' title='bbox 726 1531 759 1588; x_wconf 91' lang='lat' dir='ltr'>et</span> <span class='ocrx_word' id='word_1_58' title='bbox 793 1524 866 1608; x_wconf 89' lang='lat' dir='ltr'>ipsa</span> <span class='ocrx_word' id='word_1_59' title='bbox 899 1524 1072 1588; x_wconf 86' lang='lat' dir='ltr'>sententiae</span> <span class='ocrx_word' id='word_1_60' title='bbox 1111 1544 1232 1608; x_wconf 91' lang='lat' dir='ltr'>parum</span> <span class='ocrx_word' id='word_1_61' title='bbox 1270 1524 1462 1590; x_wconf 81' lang='lat' dir='ltr'>satisfaciat.</span> 
     </span>
     <span class='ocr_line' id='line_1_10' title="bbox 303 1644 1464 1728; baseline -0.002 -18"><span class='ocrx_word' id='word_1_62' title='bbox 303 1645 527 1710; x_wconf 84' lang='lat' dir='ltr'>Scribendum</span> <span class='ocrx_word' id='word_1_63' title='bbox 557 1644 688 1708; x_wconf 92' lang='lat' dir='ltr'>duabus</span> <span class='ocrx_word' id='word_1_64' title='bbox 715 1645 833 1710; x_wconf 89' lang='lat' dir='ltr'>litteris</span> <span class='ocrx_word' id='word_1_65' title='bbox 863 1645 1058 1728; x_wconf 85' lang='lat' dir='ltr'>geminatis:</span> <span class='ocrx_word' id='word_1_66' title='bbox 1092 1651 1155 1708; x_wconf 84' lang='grc' dir='ltr'><em>ιιοῦ</em></span> <span class='ocrx_word' id='word_1_67' title='bbox 1179 1645 1239 1727; x_wconf 78' lang='grc' dir='ltr'>γὰρ</span> <span class='ocrx_word' id='word_1_68' title='bbox 1261 1647 1322 1708; x_wconf 81' lang='grc' dir='ltr'><em>ἔστι</em></span> <span class='ocrx_word' id='word_1_69' title='bbox 1342 1647 1464 1716; x_wconf 81' lang='grc' dir='ltr'><strong><em>τούτοις</em></strong></span> 
     </span>
     <span class='ocr_line' id='line_1_11' title="bbox 300 1766 1463 1850; baseline 0.002 -21"><span class='ocrx_word' id='word_1_70' title='bbox 300 1768 335 1830; x_wconf 84' lang='grc' dir='ltr'>τὸ</span> <span class='ocrx_word' id='word_1_71' title='bbox 365 1767 465 1848; x_wconf 85' lang='grc' dir='ltr'><em>στόμα</em></span> <span class='ocrx_word' id='word_1_72' title='bbox 496 1767 609 1848; x_wconf 77' lang='grc' dir='ltr'><em>διᾶραι,</em></span> <span class='ocrx_word' id='word_1_73' title='bbox 638 1767 667 1828; x_wconf 85' lang='grc' dir='ltr'>τί</span> <span class='ocrx_word' id='word_1_74' title='bbox 694 1766 728 1830; x_wconf 80' lang='grc' dir='ltr'>δὲ</span> <span class='ocrx_word' id='word_1_75' title='bbox 755 1768 836 1850; x_wconf 84' lang='grc' dir='ltr'><em>πρός</em></span> <span class='ocrx_word' id='word_1_76' title='bbox 863 1791 897 1831; x_wconf 90' lang='grc' dir='ltr'>σε</span> <span class='ocrx_word' id='word_1_77' title='bbox 926 1769 1028 1839; x_wconf 80' lang='grc' dir='ltr'><em>εἰπεῖν,</em></span> <span class='ocrx_word' id='word_1_78' title='bbox 1062 1769 1101 1829; x_wconf 86' lang='grc' dir='ltr'>ἂν</span> <span class='ocrx_word' id='word_1_79' title='bbox 1123 1767 1209 1848; x_wconf 78' lang='grc' dir='ltr'><em>ἀφῇς</em></span> <span class='ocrx_word' id='word_1_80' title='bbox 1231 1767 1293 1829; x_wconf 80' lang='grc' dir='ltr'><em>κτλ.</em></span> <span class='ocrx_word' id='word_1_81' title='bbox 1348 1766 1395 1830; x_wconf 79' lang='lat' dir='ltr'>Of.</span> <span class='ocrx_word' id='word_1_82' title='bbox 1421 1766 1463 1831; x_wconf 90' lang='lat' dir='ltr'>de</span> 
     </span>
     <span class='ocr_line' id='line_1_12' title="bbox 300 1886 1463 1952; baseline 0 0"><span class='ocrx_word' id='word_1_83' title='bbox 300 1888 396 1952; x_wconf 88' lang='lat' dir='ltr'>hiatu</span> <span class='ocrx_word' id='word_1_84' title='bbox 428 1886 614 1952; x_wconf 81' lang='lat' dir='ltr'>Schellens:</span> <span class='ocrx_word' id='word_1_85' title='bbox 657 1887 707 1952; x_wconf 91' lang='lat' dir='ltr'>De</span> <span class='ocrx_word' id='word_1_86' title='bbox 736 1889 832 1952; x_wconf 88' lang='lat' dir='ltr'>hiatu</span> <span class='ocrx_word' id='word_1_87' title='bbox 860 1889 896 1952; x_wconf 90' lang='lat' dir='ltr'>in</span> <span class='ocrx_word' id='word_1_88' title='bbox 923 1888 1095 1952; x_wconf 82' lang='lat' dir='ltr'>Plutarchi</span> <span class='ocrx_word' id='word_1_89' title='bbox 1124 1887 1307 1952; x_wconf 89' lang='lat' dir='ltr'>lloralibus</span> <span class='ocrx_word' id='word_1_90' title='bbox 1334 1888 1463 1952; x_wconf 87' lang='lat' dir='ltr'>Bonnse</span> 
     </span>
     <span class='ocr_line' id='line_1_13' title="bbox 303 2009 1463 2093; baseline -0.001 -19"><span class='ocrx_word' id='word_1_91' title='bbox 303 2011 384 2074; x_wconf 82' lang='lat'>1864</span> <span class='ocrx_word' id='word_1_92' title='bbox 417 2031 448 2093; x_wconf 88' lang='lat' dir='ltr'>p.</span> <span class='ocrx_word' id='word_1_93' title='bbox 484 2012 602 2087; x_wconf 79' lang='lat'>9-103</span> <span class='ocrx_word' id='word_1_94' title='bbox 641 2010 780 2074; x_wconf 74' lang='lat' dir='ltr'>fortasse</span> <span class='ocrx_word' id='word_1_95' title='bbox 818 2010 940 2074; x_wconf 87' lang='lat' dir='ltr'>rectius</span> <span class='ocrx_word' id='word_1_96' title='bbox 982 2030 1060 2074; x_wconf 91' lang='lat' dir='ltr'>cum</span> <span class='ocrx_word' id='word_1_97' title='bbox 1093 2009 1301 2074; x_wconf 83' lang='lat' dir='ltr'>Bemardalri</span> <span class='ocrx_word' id='word_1_98' title='bbox 1337 2009 1463 2075; x_wconf 86' lang='lat' dir='ltr'>vocalis</span> 
     </span>
     <span class='ocr_line' id='line_1_14' title="bbox 301 2128 1463 2215; baseline 0 -20"><span class='ocrx_word' id='word_1_99' title='bbox 301 2130 436 2195; x_wconf 82' lang='lat' dir='ltr'>eliditur</span> <span class='ocrx_word' id='word_1_100' title='bbox 469 2128 519 2214; x_wconf 80' lang='lat' dir='ltr'>(cl.</span> <span class='ocrx_word' id='word_1_101' title='bbox 555 2129 656 2194; x_wconf 87' lang='lat' dir='ltr'>editio</span> <span class='ocrx_word' id='word_1_102' title='bbox 690 2131 761 2194; x_wconf 92' lang='lat' dir='ltr'>eius</span> <span class='ocrx_word' id='word_1_103' title='bbox 790 2153 821 2215; x_wconf 90' lang='lat' dir='ltr'>p.</span> <span class='ocrx_word' id='word_1_104' title='bbox 853 2135 893 2197; x_wconf 79' lang='lat'>95</span> <span class='ocrx_word' id='word_1_105' title='bbox 906 2130 947 2214; x_wconf 85' lang='lat' dir='ltr'>d),</span> <span class='ocrx_word' id='word_1_106' title='bbox 983 2137 1022 2194; x_wconf 87' lang='lat' dir='ltr'>ut</span> <span class='ocrx_word' id='word_1_107' title='bbox 1055 2130 1218 2194; x_wconf 90' lang='lat' dir='ltr'>scribatur</span> <span class='ocrx_word' id='word_1_108' title='bbox 1251 2152 1319 2195; x_wconf 87' lang='lat' dir='ltr'>una</span> <span class='ocrx_word' id='word_1_109' title='bbox 1351 2131 1463 2195; x_wconf 87' lang='lat' dir='ltr'>littera</span> 
     </span>
     <span class='ocr_line' id='line_1_15' title="bbox 300 2252 749 2336; baseline -0.004 -20"><span class='ocrx_word' id='word_1_110' title='bbox 300 2252 474 2336; x_wconf 82' lang='lat' dir='ltr'>geminata</span> <span class='ocrx_word' id='word_1_111' title='bbox 494 2252 576 2334; x_wconf 82' lang='grc' dir='ltr'><em>πρὸς</em></span> <span class='ocrx_word' id='word_1_112' title='bbox 598 2254 623 2315; x_wconf 88' lang='lat' dir='ltr'>o&#39;</span> <span class='ocrx_word' id='word_1_113' title='bbox 649 2254 749 2315; x_wconf 86' lang='grc' dir='ltr'><em>εἰπεῖν.</em></span> 
     </span>
    </p>
   </div>
   <div class='ocr_carea' id='block_1_3' title="bbox 297 2520 1423 2845">
    <p class='ocr_par' dir='ltr' id='par_1_3' title="bbox 297 2520 1423 2845">
     <span class='ocr_line' id='line_1_16' title="bbox 297 2520 749 2610; baseline -0.013 -20"><span class='ocrx_word' id='word_1_114' title='bbox 297 2548 331 2610; x_wconf 85' lang='lat' dir='ltr'>p.</span> <span class='ocrx_word' id='word_1_115' title='bbox 358 2522 437 2590; x_wconf 82' lang='lat' dir='ltr'>71d</span> <span class='ocrx_word' id='word_1_116' title='bbox 459 2522 549 2606; x_wconf 81' lang='lat' dir='ltr'>(cap.</span> <span class='ocrx_word' id='word_1_117' title='bbox 575 2520 749 2602; x_wconf 88' lang='lat' dir='ltr'><em>XXXII).</em></span> 
     </span>
     <span class='ocr_line' id='line_1_17' title="bbox 382 2619 1423 2726; baseline -0.003 -19"><span class='ocrx_word' id='word_1_118' title='bbox 382 2644 609 2726; x_wconf 75' lang='grc' dir='ltr'><em>Ἀριστοφάνης</em></span> <span class='ocrx_word' id='word_1_119' title='bbox 632 2642 740 2704; x_wconf 81' lang='grc' dir='ltr'><em>δὲκαὶ</em></span> <span class='ocrx_word' id='word_1_120' title='bbox 762 2641 816 2704; x_wconf 85' lang='grc' dir='ltr'>τὸν</span> <span class='ocrx_word' id='word_1_121' title='bbox 837 2642 971 2705; x_wconf 76' lang='grc' dir='ltr'><em>Κλέωνα</em></span> <span class='ocrx_word' id='word_1_122' title='bbox 994 2619 1078 2705; x_wconf 37' lang='grc' dir='ltr'><em>τοῦτ’.</em></span> <span class='ocrx_word' id='word_1_123' title='bbox 1099 2643 1239 2723; x_wconf 77' lang='grc' dir='ltr'><em>ἐγκαλεῖν</em></span> <span class='ocrx_word' id='word_1_124' title='bbox 1261 2666 1356 2724; x_wconf 80' lang='grc' dir='ltr'><em>φησιν</em></span> <span class='ocrx_word' id='word_1_125' title='bbox 1378 2641 1423 2704; x_wconf 84' lang='grc' dir='ltr'>ὅτι</span> 
     </span>
     <span class='ocr_line' id='line_1_18' title="bbox 521 2764 1246 2845; baseline -0.001 -19"><span class='ocrx_word' id='word_1_126' title='bbox 521 2765 630 2844; x_wconf 35' lang='grc' dir='ltr'><em>(ξένων</em></span> <span class='ocrx_word' id='word_1_127' title='bbox 651 2764 820 2845; x_wconf 84' lang='grc' dir='ltr'><em>παρόντων</em></span> <span class='ocrx_word' id='word_1_128' title='bbox 841 2764 896 2845; x_wconf 82' lang='grc' dir='ltr'>τὴν</span> <span class='ocrx_word' id='word_1_129' title='bbox 917 2764 1006 2826; x_wconf 78' lang='grc' dir='ltr'><em>πόλιν</em></span> <span class='ocrx_word' id='word_1_130' title='bbox 1028 2770 1139 2834; x_wconf 82' lang='grc' dir='ltr'><em>κακῶς</em></span> <span class='ocrx_word' id='word_1_131' title='bbox 1161 2765 1246 2844; x_wconf 76' lang='grc' dir='ltr'><em>λέγει’</em></span> 
     </span>
    </p>
   </div>
   <div class='ocr_carea' id='block_1_4' title="bbox 300 2885 853 2970">
    <p class='ocr_par' dir='ltr' id='par_1_4' title="bbox 300 2885 853 2970">
     <span class='ocr_line' id='line_1_19' title="bbox 300 2885 853 2970; baseline -0.011 -18"><span class='ocrx_word' id='word_1_132' title='bbox 300 2889 353 2952; x_wconf 84' lang='grc' dir='ltr'>καὶ</span> <span class='ocrx_word' id='word_1_133' title='bbox 375 2887 546 2970; x_wconf 83' lang='grc' dir='ltr'><em>παροξύνει</em></span> <span class='ocrx_word' id='word_1_134' title='bbox 567 2885 639 2955; x_wconf 79' lang='grc' dir='ltr'><em>τοὺς</em></span> <span class='ocrx_word' id='word_1_135' title='bbox 657 2886 853 2968; x_wconf 70' lang='grc' dir='ltr'><em>Ἀθηναίους.</em></span> 
     </span>
    </p>
   </div>
   <div class='ocr_carea' id='block_1_5' title="bbox 383 3003 1460 3091">
    <p class='ocr_par' dir='ltr' id='par_1_5' title="bbox 383 3003 1460 3091">
     <span class='ocr_line' id='line_1_20' title="bbox 383 3003 1460 3091; baseline -0.001 -19"><span class='ocrx_word' id='word_1_136' title='bbox 383 3008 523 3072; x_wconf 84' lang='lat' dir='ltr'>Temere</span> <span class='ocrx_word' id='word_1_137' title='bbox 546 3013 578 3071; x_wconf 90' lang='lat' dir='ltr'>et</span> <span class='ocrx_word' id='word_1_138' title='bbox 600 3003 744 3071; x_wconf 86' lang='lat' dir='ltr'>absurde</span> <span class='ocrx_word' id='word_1_139' title='bbox 757 3005 939 3091; x_wconf 76' lang='lat' dir='ltr'>Xylander,</span> <span class='ocrx_word' id='word_1_140' title='bbox 963 3027 1065 3090; x_wconf 90' lang='lat' dir='ltr'>quem</span> <span class='ocrx_word' id='word_1_141' title='bbox 1088 3013 1276 3090; x_wconf 87' lang='lat' dir='ltr'>sequuntur</span> <span class='ocrx_word' id='word_1_142' title='bbox 1297 3006 1460 3071; x_wconf 83' lang='lat' dir='ltr'>editiones</span> 
     </span>
    </p>
   </div>
   <div class='ocr_carea' id='block_1_6' title="bbox 299 3127 1461 4065">
    <p class='ocr_par' dir='ltr' id='par_1_6' title="bbox 299 3127 1458 3333">
     <span class='ocr_line' id='line_1_21' title="bbox 299 3127 1458 3212; baseline -0.002 -17"><span class='ocrx_word' id='word_1_143' title='bbox 299 3130 482 3195; x_wconf 83' lang='lat' dir='ltr'>Reiskiana</span> <span class='ocrx_word' id='word_1_144' title='bbox 509 3135 542 3192; x_wconf 90' lang='lat' dir='ltr'>et</span> <span class='ocrx_word' id='word_1_145' title='bbox 563 3127 824 3212; x_wconf 78' lang='lat' dir='ltr'>Wytteubachii,</span> <span class='ocrx_word' id='word_1_146' title='bbox 852 3127 924 3192; x_wconf 83' lang='lat' dir='ltr'>haec</span> <span class='ocrx_word' id='word_1_147' title='bbox 955 3128 1001 3191; x_wconf 87' lang='lat' dir='ltr'>sio</span> <span class='ocrx_word' id='word_1_148' title='bbox 1031 3127 1191 3192; x_wconf 85' lang='lat' dir='ltr'>vertenda</span> <span class='ocrx_word' id='word_1_149' title='bbox 1220 3149 1289 3192; x_wconf 85' lang='lat' dir='ltr'>esse</span> <span class='ocrx_word' id='word_1_150' title='bbox 1312 3129 1458 3193; x_wconf 83' lang='lat' dir='ltr'>cerrsuit:</span> 
     </span>
     <span class='ocr_line' id='line_1_22' title="bbox 303 3247 1224 3333; baseline -0.004 -17"><span class='ocrx_word' id='word_1_151' title='bbox 303 3251 427 3332; x_wconf 41' lang='lat' dir='ltr'>(Cleoni</span> <span class='ocrx_word' id='word_1_152' title='bbox 449 3250 551 3314; x_wconf 87' lang='lat' dir='ltr'>etiam</span> <span class='ocrx_word' id='word_1_153' title='bbox 573 3247 814 3332; x_wconf 86' lang='lat' dir='ltr'>Aristophanes</span> <span class='ocrx_word' id='word_1_154' title='bbox 836 3249 899 3312; x_wconf 89' lang='lat' dir='ltr'>hoc</span> <span class='ocrx_word' id='word_1_155' title='bbox 922 3247 1109 3333; x_wconf 81' lang='lat' dir='ltr'>exprobrat,</span> <span class='ocrx_word' id='word_1_156' title='bbox 1133 3249 1224 3333; x_wconf 80' lang='lat' dir='ltr'>quod</span> 
     </span>
    </p>

    <p class='ocr_par' dir='ltr' id='par_1_7' title="bbox 299 3367 1461 4065">
     <span class='ocr_line' id='line_1_23' title="bbox 548 3367 1210 3434; baseline 0.002 -1"><span class='ocrx_word' id='word_1_157' title='bbox 548 3369 635 3433; x_wconf 86' lang='lat' dir='ltr'>Male</span> <span class='ocrx_word' id='word_1_158' title='bbox 659 3369 786 3434; x_wconf 85' lang='lat' dir='ltr'>civitati</span> <span class='ocrx_word' id='word_1_159' title='bbox 809 3367 932 3433; x_wconf 85' lang='lat' dir='ltr'>diceret</span> <span class='ocrx_word' id='word_1_160' title='bbox 954 3390 1067 3434; x_wconf 89' lang='lat' dir='ltr'>coram</span> <span class='ocrx_word' id='word_1_161' title='bbox 1089 3371 1210 3434; x_wconf 87' lang='lat' dir='ltr'>exteris</span> 
     </span>
     <span class='ocr_line' id='line_1_24' title="bbox 299 3490 1459 3577; baseline -0.001 -20"><span class='ocrx_word' id='word_1_162' title='bbox 299 3493 587 3576; x_wconf 83' lang='lat' dir='ltr'>Atheniensesque</span> <span class='ocrx_word' id='word_1_163' title='bbox 609 3491 771 3554; x_wconf 70' lang='lat' dir='ltr'>irritaret.¹</span> <span class='ocrx_word' id='word_1_164' title='bbox 817 3490 973 3555; x_wconf 88' lang='lat' dir='ltr'>Reiskius</span> <span class='ocrx_word' id='word_1_165' title='bbox 991 3513 1096 3576; x_wconf 77' lang='lat' dir='ltr'>prava</span> <span class='ocrx_word' id='word_1_166' title='bbox 1112 3491 1168 3556; x_wconf 87' lang='lat' dir='ltr'>illa</span> <span class='ocrx_word' id='word_1_167' title='bbox 1186 3493 1459 3577; x_wconf 86' lang='lat' dir='ltr'>interpretatione</span> 
     </span>
     <span class='ocr_line' id='line_1_25' title="bbox 299 3611 1461 3700; baseline -0.002 -21"><span class='ocrx_word' id='word_1_168' title='bbox 299 3616 457 3700; x_wconf 85' lang='lat' dir='ltr'>deceptus</span> <span class='ocrx_word' id='word_1_169' title='bbox 486 3620 541 3677; x_wconf 86' lang='grc' dir='ltr'>τοῦ</span> <span class='ocrx_word' id='word_1_170' title='bbox 564 3613 722 3684; x_wconf 79' lang='grc' dir='ltr'><em>Κλέωνος,</em></span> <span class='ocrx_word' id='word_1_171' title='bbox 752 3611 1065 3696; x_wconf 68' lang='lat' dir='ltr'>wyttenbachiusss)</span> <span class='ocrx_word' id='word_1_172' title='bbox 1093 3621 1139 3695; x_wconf 77' lang='grc' dir='ltr'>τῷ</span> <span class='ocrx_word' id='word_1_173' title='bbox 1167 3614 1290 3677; x_wconf 80' lang='grc' dir='ltr'><em>Κλέωνι</em></span> <span class='ocrx_word' id='word_1_174' title='bbox 1318 3612 1461 3677; x_wconf 83' lang='lat' dir='ltr'>scriben-</span> 
     </span>
     <span class='ocr_line' id='line_1_26' title="bbox 299 3734 1459 3813; baseline -0.002 -13"><span class='ocrx_word' id='word_1_175' title='bbox 299 3737 382 3800; x_wconf 90' lang='lat' dir='ltr'>dum</span> <span class='ocrx_word' id='word_1_176' title='bbox 415 3756 484 3799; x_wconf 88' lang='lat' dir='ltr'>esse</span> <span class='ocrx_word' id='word_1_177' title='bbox 518 3735 745 3811; x_wconf 79' lang='lat' dir='ltr'>coniecerunt3</span> <span class='ocrx_word' id='word_1_178' title='bbox 790 3734 845 3798; x_wconf 87' lang='lat' dir='ltr'>hie</span> <span class='ocrx_word' id='word_1_179' title='bbox 884 3741 998 3798; x_wconf 86' lang='lat' dir='ltr'>tamen</span> <span class='ocrx_word' id='word_1_180' title='bbox 1031 3736 1068 3799; x_wconf 88' lang='lat' dir='ltr'>in</span> <span class='ocrx_word' id='word_1_181' title='bbox 1100 3734 1459 3813; x_wconf 76' lang='lat' dir='ltr'>animadversionibus,</span> 
     </span>
     <span class='ocr_line' id='line_1_27' title="bbox 300 3855 1460 3939; baseline -0.003 -17"><span class='ocrx_word' id='word_1_182' title='bbox 300 3856 465 3922; x_wconf 89' lang='lat' dir='ltr'>sententia</span> <span class='ocrx_word' id='word_1_183' title='bbox 486 3861 671 3932; x_wconf 79' lang='lat' dir='ltr'>retractata,</span> <span class='ocrx_word' id='word_1_184' title='bbox 705 3855 869 3921; x_wconf 79' lang='lat' dir='ltr'>veriorem</span> <span class='ocrx_word' id='word_1_185' title='bbox 893 3855 1023 3920; x_wconf 80' lang='lat' dir='ltr'>Erasmi</span> <span class='ocrx_word' id='word_1_186' title='bbox 1045 3855 1248 3939; x_wconf 73' lang='lat' dir='ltr'>Amyotique</span> <span class='ocrx_word' id='word_1_187' title='bbox 1272 3856 1460 3920; x_wconf 75' lang='lat' dir='ltr'>versionem</span> 
     </span>
     <span class='ocr_line' id='line_1_28' title="bbox 299 3975 1460 4065; baseline -0.003 -22"><span class='ocrx_word' id='word_1_188' title='bbox 299 3977 462 4065; x_wconf 78' lang='lat' dir='ltr'>probavit,</span> <span class='ocrx_word' id='word_1_189' title='bbox 491 3975 693 4054; x_wconf 87' lang='lat' dir='ltr'>admonitus,</span> <span class='ocrx_word' id='word_1_190' title='bbox 723 3983 761 4040; x_wconf 88' lang='lat' dir='ltr'>ut</span> <span class='ocrx_word' id='word_1_191' title='bbox 789 3975 916 4061; x_wconf 87' lang='lat' dir='ltr'>opinor,</span> <span class='ocrx_word' id='word_1_192' title='bbox 952 3978 1057 4062; x_wconf 90' lang='lat' dir='ltr'>ipsius</span> <span class='ocrx_word' id='word_1_193' title='bbox 1085 3975 1319 4060; x_wconf 82' lang='lat' dir='ltr'>Aristophanis</span> <span class='ocrx_word' id='word_1_194' title='bbox 1349 3976 1460 4041; x_wconf 78' lang='lat' dir='ltr'>verbis</span> 
     </span>
    </p>
   </div>
   <div class='ocr_carea' id='block_1_7' title="bbox 302 4156 1460 4166">
    <p class='ocr_par' dir='ltr' id='par_1_8' title="bbox 302 4156 1460 4166">
     <span class='ocr_line' id='line_1_29' title="bbox 302 4156 1460 4166; baseline 0.002 -1"><span class='ocrx_word' id='word_1_195' title='bbox 302 4156 861 4166; x_wconf 77' lang='lat'><strong><em>—.--———-—-——-—-—--———-—---</em></strong></span> <span class='ocrx_word' id='word_1_196' title='bbox 868 4157 1090 4162; x_wconf 84' lang='lat'><strong>--——-—-—-—-·-·—-</strong></span> <span class='ocrx_word' id='word_1_197' title='bbox 1098 4157 1312 4162; x_wconf 82' lang='lat'><em>---——·----—-</em></span> <span class='ocrx_word' id='word_1_198' title='bbox 1322 4158 1435 4163; x_wconf 82' lang='lat'>—-—</span> <span class='ocrx_word' id='word_1_199' title='bbox 1456 4159 1460 4162; x_wconf 99' lang='lat'>-</span> 
     </span>
    </p>
   </div>
   <div class='ocr_carea' id='block_1_8' title="bbox 336 4281 653 4525">
    <p class='ocr_par' dir='ltr' id='par_1_9' title="bbox 336 4281 653 4525">
     <span class='ocr_line' id='line_1_30' title="bbox 337 4281 653 4354; baseline -0.044 -6"><span class='ocrx_word' id='word_1_200' title='bbox 337 4283 357 4348; x_wconf 88' lang='lat'>¹)</span> <span class='ocrx_word' id='word_1_201' title='bbox 378 4286 477 4354; x_wconf 87' lang='lat' dir='ltr'>Opusc.</span> <span class='ocrx_word' id='word_1_202' title='bbox 497 4285 531 4338; x_wconf 94' lang='lat' dir='ltr'>lll</span> <span class='ocrx_word' id='word_1_203' title='bbox 549 4300 575 4351; x_wconf 91' lang='lat' dir='ltr'>p.</span> <span class='ocrx_word' id='word_1_204' title='bbox 594 4281 653 4335; x_wconf 81' lang='grc'>592.</span> 
     </span>
     <span class='ocr_line' id='line_1_31' title="bbox 336 4371 622 4436; baseline -0.024 -6"><span class='ocrx_word' id='word_1_205' title='bbox 336 4371 356 4436; x_wconf 83' lang='lat'>²]</span> <span class='ocrx_word' id='word_1_206' title='bbox 376 4374 434 4429; x_wconf 91' lang='lat' dir='ltr'>Vid.</span> <span class='ocrx_word' id='word_1_207' title='bbox 454 4373 535 4427; x_wconf 90' lang='lat' dir='ltr'>editio</span> <span class='ocrx_word' id='word_1_208' title='bbox 555 4373 622 4426; x_wconf 80' lang='lat' dir='ltr'>eius-</span> 
     </span>
     <span class='ocr_line' id='line_1_32' title="bbox 337 4459 595 4525; baseline -0.023 -8"><span class='ocrx_word' id='word_1_209' title='bbox 337 4459 357 4525; x_wconf 77' lang='lat'>³)</span> <span class='ocrx_word' id='word_1_210' title='bbox 375 4464 406 4516; x_wconf 93' lang='lat' dir='ltr'>ln</span> <span class='ocrx_word' id='word_1_211' title='bbox 425 4465 518 4516; x_wconf 85' lang='lat' dir='ltr'>annot.</span> <span class='ocrx_word' id='word_1_212' title='bbox 539 4461 595 4513; x_wconf 87' lang='lat' dir='ltr'>crit.</span> 
     </span>
    </p>
   </div>
   <div class='ocr_carea' id='block_1_9' title="bbox 0 0 1658 5144">
    <p class='ocr_par' dir='ltr' id='par_1_10' title="bbox 0 0 1658 5144">
     <span class='ocr_line' id='line_1_33' title="bbox 0 0 1658 5144; baseline 0 0"><span class='ocrx_word' id='word_1_213' title='bbox 0 0 1658 5144; x_wconf 95' lang='lat' dir='ltr'> </span> 
     </span>
    </p>
   </div>
  </div>
 </body>
</html>
