3282 5146
708 469 748 533 47

237 661 321 738 Quae
349 660 386 726 in
412 661 569 726 lemmate
597 661 692 726 uncis
720 660 873 726 rotundis
899 660 1030 738 inclusi,
1060 660 1103 725 ab
1125 661 1310 727 editoribus

151 763 286 868 prorsus
313 803 467 868 perverso
494 789 533 847 ut
559 782 751 847 interclusio
778 782 937 847 orationis
966 782 1188 867 accipiuntur,
1215 783 1314 867 quasi

152 903 375 970 communiter
397 904 437 969 de
460 903 617 969 omnibus
638 887 842 982 hominibus,
865 924 934 968 non
951 903 1024 988 ipsa
1035 924 1170 988 quoque
1182 903 1314 971 desolis

151 1025 331 1092 iuvenibus
353 1025 442 1090 dicta
464 1025 540 1090 sint.
577 1025 806 1110 Praeterquam
828 1024 920 1110 quod
942 1025 1013 1090 eius
1024 1025 1117 1090 modi
1128 1025 1315 1092 interiectio

151 1148 215 1226 hic,
239 1152 278 1212 ut
288 1146 331 1212 ab
342 1144 607 1228 resalienissima,
630 1146 814 1212 admodum
824 1147 933 1231 friget,
957 1147 1058 1212 etiam
1075 1154 1315 1231 argumentum

146 1235 289 1352 ⁸docet¹)‚
318 1267 512 1353 scriptorem
539 1268 592 1333 his
619 1267 730 1334 verbis
752 1267 795 1332 ad
817 1268 965 1346 iuvenes,
994 1289 1139 1352 quorum
1160 1267 1315 1334 educatio

152 1388 306 1454 nondum
317 1389 463 1473 perfecta
478 1395 557 1468 erat,
574 1396 747 1486 spectasse.
782 1389 892 1454 Causa
908 1390 1026 1455 erroris
1042 1396 1113 1454 erat
1127 1411 1312 1474 pronomen

153 1512 248 1574 αὐτόν
259 1517 335 1595 post
345 1512 474 1593 πάσχειν
485 1511 838 1590 omissumalib1·ario;
858 1531 926 1595 quo
943 1511 1138 1596 interposito
1150 1511 1316 1596 uncisque

154 1630 269 1696 deletis
308 1632 479 1716 aptissime
515 1633 590 1697 fluit
625 1633 745 1711 oratio;
782 1633 830 1697 ita
862 1633 953 1697 enim
986 1633 1201 1697 enuntiatum
1230 1631 1314 1697 illud

155 1754 204 1816 δεῖ
228 1753 262 1816 δὲ
291 1791 332 1798 -
360 1753 395 1817 τὸ
417 1753 500 1836 ἦθος
528 1754 677 1840 protasin
707 1775 727 1818 a
756 1753 991 1818 coniunctione
1019 1755 1086 1817 ἐπεί
1110 1741 1314 1839 pendentem

154 1875 328 1940 continuat
357 1880 390 1940 et
418 1874 570 1953 absolvit,
600 1874 754 1960 apodosis
776 1873 819 1939 ab
849 1877 888 1938 οὐ
913 1875 1017 1958 χεῖρόν
1040 1877 1100 1939 ἐστι
1122 1875 1254 1960 incipit3
1279 1877 1331 1942 δέ.

155 2003 231 2082 post
270 1997 319 2060 δεῖ
354 1996 644 2081 interpretandum
678 2004 726 2075 et,
759 1995 813 2062 vel
852 1996 973 2081 potius,
1018 2017 1096 2060 cum
1135 1996 1313 2081 negatione

156 2118 309 2202 sequenti
363 2119 597 2203 conjunctum,
651 2138 799 2201 neque;
855 2119 1120 2205 sententiarum*
1147 2123 1317 2182 structura

154 2260 290 2323 prorsus
308 2238 425 2303 similis
442 2239 585 2304 occurrit
601 2239 651 2304 De
670 2246 747 2303 rect.
761 2244 820 2303 rat.
840 2237 917 2302 aud.
935 2237 1106 2316 allinit,
1130 2238 1190 2303 ubi
1205 2259 1313 2324 comp.

155 2359 256 2424 editio
278 2359 501 2425 Bemardakis
531 2367 564 2424 et
585 2359 701 2427 Revue
731 2359 772 2425 de
801 2359 914 2445 philol.
945 2359 982 2424 T.
1006 2359 1056 2424 XI
1078 2381 1111 2444 p.
1135 2364 1185 2428 65.
1306 2355 1308 2360 ’

148 2641 185 2705 p.
208 2619 253 2687 33
266 2619 351 2688 a-b
374 2619 463 2706 (cap.
486 2620 586 2704 XII).

238 2742 329 2805 radlia
358 2743 377 2805 ὁ
401 2742 582 2824 Ἀρχίλοχος
609 2743 669 2804 οὐκ
698 2741 861 2804 ἐπαινεῖται
890 2742 1086 2826 λυπούμενος
1114 2740 1173 2824 μὲν
1200 2741 1249 2804 ἐπὶ
1270 2749 1318 2823 τῷ

154 2863 245 2946 ἀνδρὶ
277 2870 331 2946 τῆς
363 2863 531 2946 ἀδελφῆς.
555 2912 561 2925 .
585 2913 591 2925 .
615 2865 691 2945 οἴνῳ
725 2863 760 2926 δὲ
792 2862 845 2925 καὶ
877 2863 986 2946 παιδιᾷ
1017 2862 1099 2944 πρὸς
1130 2863 1186 2944 τὴν
1214 2863 1319 2945 λύπην

119 2983 124 3068 l
154 2981 312 3067 μάχεσθαι
346 2985 577 3077 διανοούμενος.
611 3021 652 3029 -
686 2983 740 3050 Sic
773 2983 902 3049 codices
925 2984 996 3048 sine
1018 2983 1086 3048 ullo
1109 2983 1317 3062 diserimine;
1362 3035 1401 3084 7

154 3106 276 3172 vitium
292 3105 511 3170 manifestum
527 3111 586 3184 est,
604 3126 682 3170 cum
698 3126 768 3170 non
784 3104 820 3170 id
837 3111 1015 3190 quaeratur‚
1035 3111 1150 3168 utrum
1161 3103 1319 3170 laudetur
1355 3103 1381 3243 ἲ

154 3248 199 3292 an
220 3248 291 3292 non
306 3226 461 3292 laudetur
472 3227 701 3305 Archilochus,
725 3226 784 3292 scd
805 3234 921 3291 utrum
932 3226 967 3291 id
979 3225 1070 3312 quod
1086 3226 1201 3292 fecerit
1217 3225 1316 3290 laude
1342 3271 1344 3277 -
1364 3258 1393 3354 ὅ

155 3348 298 3434 dignum
320 3349 363 3414 sit
383 3369 498 3414 necne.
552 3349 706 3414 Primum
726 3349 762 3412 in
782 3355 931 3414 mentem
947 3348 1033 3412 mihi
1048 3348 1151 3426 venit,
1174 3347 1316 3412 fortasse

155 3468 370 3536 scribendum
392 3491 462 3534 esse
485 3471 544 3533 ὀύκ
567 3471 677 3552 ὀρθῶς
699 3471 870 3533 ἐπαινεῖται.
905 3469 1035 3536 Verum
1057 3470 1195 3534 fortasse
1218 3467 1319 3553 plura

155 3591 406 3670 interciderunt,
434 3612 544 3676 neque
566 3591 657 3656 enim
679 3611 804 3656 nomen
826 3585 906 3669 eiua,
929 3612 951 3655 a
972 3611 1039 3675 quo
1061 3590 1185 3654 iniuria
1202 3588 1320 3653 Archi-

156 3713 273 3778 lochus
295 3712 451 3778 laudatus
467 3714 546 3792 erat,
569 3712 721 3778 omittere
736 3712 846 3797 potuit
859 3710 1069 3789 Plutarchus
1093 3717 1126 3775 et
1140 3711 1320 3796 participia

158 3835 332 3920 sequentia
358 3824 543 3900 admodum
564 3833 745 3899 insolenter
766 3832 868 3899 verbo
889 3834 1052 3896 ἐπαινεῖται
1074 3832 1317 3917 adiunguntur..

157 3955 225 4020 Alii
246 3956 401 4022 felicioris
424 3955 589 4021 acuminis
604 3953 874 4021 emendationem
888 3953 1095 4040 probabilem
1110 3953 1300 4038 excogitent
1308 3975 1318 4032 ;,

158 4077 243 4140 mihi
265 4078 344 4143 satis
367 4079 409 4143 sit
430 4078 552 4144 vitium
575 4077 747 4153 detexisse,
762 4111 782 4178 Ι,11
794 4115 808 4139 e.
822 4079 857 4140 ,1
881 4105 891 4129 r
914 4085 968 4124 ³⁴¹·
981 4112 1033 4138 u«
1070 4048 1145 4190 eliis

187 4436 208 4505 1)
228 4441 323 4510 Comp.
345 4436 496 4509 ἕμφῦεοθαι
515 4479 521 4491 .
542 4478 548 4493 .
568 4483 574 4496 .
594 4443 651 4494 τοῖς
671 4480 678 4494 .
698 4477 704 4489 ·
728 4480 732 4489 .
753 4435 914 4506 δυναμένοις
933 4435 1096 4491 πλάττειν
1114 4431 1145 4488 ari
1165 4427 1242 4503 ἦθος.
