3306 5144
696 404 755 468 103

146 596 244 662 rerba
266 598 388 679 ἑταῖρον
410 602 444 660 et
465 596 512 667 ὡς
534 594 750 673 inculcatum,
774 594 866 679 quod
883 595 1302 681 primusWyttenbaohius

120 718 291 804 explosit,
332 718 452 784 nescio.
515 714 580 782 Sed
621 716 675 800 vel
713 716 777 784 hoc
810 716 914 782 eiecto
947 717 1039 782 locus
1072 739 1092 782 a
1124 716 1302 783 lectoribus

144 839 250 906 stultis
279 846 311 905 et
343 839 487 905 librariis
517 839 693 906 incuriosis
730 839 873 924 pessime
906 837 1041 903 habitus
1069 839 1159 904 vitiis
1188 845 1300 906 scatet.

144 961 332 1026 Hercherus
359 961 595 1047 interpolatam
623 961 824 1046 scripturam
857 958 1031 1025 codicisD
1067 968 1199 1026 secutus
1232 959 1302 1027 non

142 1083 218 1148 satis
235 1081 357 1148 habuit
373 1103 447 1148 eam
465 1083 575 1149 soluta
593 1082 731 1148 reddere
749 1081 898 1146 oratione
915 1088 947 1146 et
964 1082 1036 1146 sine
1048 1081 1300 1160 mutationibus,
1336 1123 1339 1131 ·

142 1210 176 1267 ut
205 1209 303 1269 caute
332 1204 412 1269 fecit
438 1203 709 1287 Bernardakis1);
743 1201 858 1268 addito
888 1201 928 1267 de
958 1223 1019 1268 suo
1054 1203 1202 1268 articulo-
1224 1211 1301 1269 ante

140 1327 269 1408 ἑταῖρον,
308 1347 444 1392 versum
476 1326 613 1412 pepigit,
653 1346 723 1390 non
756 1323 1011 1408 elegantissimis
1040 1323 1136 1389 illum
1164 1325 1302 1410 quidem

140 1446 287 1511 numeris
311 1445 552 1518 decurrentem,
576 1445 634 1513 sed
656 1466 801 1512 versum.
847 1444 960 1522 Quam
981 1465 1059 1511 vere
1079 1445 1301 1512 Terentianus

139 1567 291 1632 Maurus:
318 1567 390 1649 ‘Pro
403 1575 504 1653 captu
514 1568 647 1634 lectoris
658 1553 785 1634 habent
798 1588 859 1632 sua
870 1567 941 1632 fata
951 1565 1072 1632 libelli.
1108 1567 1234 1653 Spretis
1247 1569 1300 1635 his

138 1664 272 1775 ineptiis
305 1688 481 1755 redeamus
513 1688 557 1754 ad
586 1689 748 1755 editiones
776 1687 1028 1774 Wyttenbachii
1056 1695 1090 1753 et
1119 1689 1299 1769 Duebneri

41 1789 42 1792 Ἴ
137 1832 219 1895 quae,
255 1811 413 1896 quamvis
441 1816 473 1876 et
500 1811 581 1896 ipsae
602 1811 666 1876 hoc
688 1811 760 1876 loco
784 1810 980 1896 corruptelis
1001 1808 1152 1889 foedata,
1186 1819 1299 1878 tamen

137 1933 276 2018 vestigia
309 1932 474 2017 genuina,
514 1938 553 1997 ut
585 1932 715 2018 opinor,
758 1933 933 2017 scripturae
967 1940 1152 2011 servarunt,
1186 1933 1300 2019 itaque

137 2055 231 2138 quasi
248 2075 369 2119 ansam
386 2052 559 2138 quandam
577 2052 736 2139 praebent,
760 2074 828 2138 qua
846 2053 986 2118 fortasse
1003 2073 1122 2119 verum
1140 2057 1300 2139 consequi

139 2197 326 2261 possumus.
381 2175 535 2240 Primum
563 2196 623 2260 pro
651 2175 746 2238 αὐτόν
768 2173 983 2239 scribendum
1006 2194 1077 2238 esse
1099 2176 1194 2239 αὑτόν
1216 2176 1246 2260 (i.
1271 2198 1297 2242 e.
1345 2207 1347 2211 ·

138 2299 286 2364 amioum
319 2297 463 2362 alterum
496 2319 532 2365 se
565 2297 677 2381 ipsum
710 2294 845 2379 habere)
878 2304 911 2361 et
943 2295 1109 2360 sententia
1142 2294 1237 2362 docet
1266 2307 1299 2362 et

139 2419 291 2505 exempla
312 2439 333 2484 a
354 2417 613 2504 Wyttanbachio
643 2418 680 2482 in
710 2416 879 2484 animadv.
904 2423 1096 2502 comparata
1105 2416 1142 2501 ²);
1177 2417 1298 2484 deinde

138 2539 307 2606 lenissima
345 2540 547 2606 correctione
587 2538 698 2606 verbis
740 2539 834 2603 οὐδέν
874 2539 953 2603 ἐστιν
987 2539 1023 2603 in
1056 2539 1186 2610 οὐδενός
1218 2542 1298 2605 ἐστιν

41 2749 42 2752 ¹
138 2663 274 2728 mutatis
292 2661 459 2746 (facillime
476 2661 567 2726 enim
586 2660 777 2726 terminatio
799 2659 858 2725 OC
878 2667 956 2726 ante
971 2661 1135 2724 ἘΕΤΙΝ
1147 2661 1297 2728 excidere

41 2781 42 2792 ’
119 2783 255 2868 potuit)
283 2783 414 2861 lacuna,
445 2804 513 2867 qua
541 2782 634 2848 loeus
653 2780 791 2859 laborat,
821 2783 867 2846 sio
890 2780 1077 2867 supplenda
1101 2789 1164 2848 est:
1187 2785 1241 2847 καὶ
1261 2785 1297 2848 τὸ

41 2947 42 2974 ;
139 2906 229 2969 ἄλλον
258 2905 354 2969 αὑτὸν
380 2905 524 2988 ἡγεῖσθαι
552 2903 606 2968 τὸν
635 2905 727 2987 φίλον
748 2904 803 2966 καὶ
824 2904 1069 2986 προσαγορεύειν
1091 2906 1220 2987 ἑταῖρον,
1251 2906 1297 2976 ὡς

135 2995 384 3135 ἕτερονὲιιαῦτὸν<<
400 3025 478 3110 (scil.
491 3002 588 3111 drrcll
605 3025 746 3095 οὐδενός
763 3025 842 3088 ἑστιν
859 3025 965 3088 ἄλλον
984 3024 1065 3107 πλὴν
1076 3027 1183 3110 μέτρῳ
1194 3028 1297 3109 φιλίας
1374 2995 1401 3130 ⁶5

135 3155 169 3230 τῇ
191 3148 285 3213 δυάδι
307 3149 494 3231 χρωμένων,
516 3148 536 3212 i.
557 3169 582 3213 e.
604 3152 646 3227 ‘et
667 3146 815 3211 amicum
837 3145 985 3210 alterum
1008 3167 1041 3210 se
1059 3146 1172 3232 ipsum
1189 3149 1297 3232 existi-

136 3286 223 3335 mare
253 3290 409 3354 eumque,
440 3269 538 3353 quasi
567 3269 610 3333 sit
639 3268 722 3332 alter
749 3289 819 3353 ego,
856 3269 978 3350 ἑταῖρον
1000 3267 1177 3353 appellare,
1211 3269 1296 3334 nulli

136 3389 189 3454 alii
220 3396 363 3476 possunt
395 3390 461 3455 nisi
497 3390 555 3474 qui
595 3410 755 3455 mensura
787 3389 944 3455 amicitiae
984 3408 1124 3454 numero
1165 3389 1294 3456 binario

137 3514 295 3578 utuntur'.
329 3511 444 3597 Fingit
462 3510 617 3578 videlicet
634 3510 844 3589 Plutarchus,
862 3531 987 3576 nomen
1004 3513 1124 3592 ἑταῖρος
1141 3510 1183 3575 ab
1201 3532 1292 3577 voca-

138 3631 211 3700 bulo
245 3636 349 3718 ἑτερος
383 3654 453 3698 esse
488 3632 636 3697 ductum.
694 3632 867 3698 Sententia
899 3632 1076 3717 perspicua
1116 3638 1179 3696 est:
1213 3654 1294 3698 vera

137 3755 289 3834 amicitia,
318 3755 414 3820 cuius
443 3755 577 3839 signum
606 3755 830 3819 certissimum
853 3759 902 3818 est
915 3753 1071 3817 'amicum
1093 3752 1237 3842 alterum
1259 3776 1293 3820 se

135 3873 243 3960 ipsum
265 3876 397 3954 habere,
431 3874 668 3941 tantummodo
690 3875 789 3940 iniis
812 3874 985 3960 reperitur,
1008 3874 1069 3958 qui
1090 3896 1160 3941 non
1181 3875 1292 3961 plures

139 4015 235 4079 quam
259 3997 342 4064 duos
364 3996 496 4063 foedere
518 3997 554 4062 id
575 4017 682 4082 genus
704 3997 801 4080 iungi
822 4017 918 4082 posse
942 3994 1090 4061 credunt.
1167 4018 1169 4027 ⁴

171 4225 189 4292 ¹)
208 4233 297 4301 Quam
326 4232 490 4288 sententiam
518 4231 622 4287 habeat
650 4231 806 4286 coniectura
825 4230 1011 4286 Bernardakis
1039 4230 1104 4291 (vid.
1130 4230 1191 4286 edit.
1219 4231 1289 4292 eius)

211 4315 309 4383 e‘rr'porv
329 4313 445 4378 οὗόενός,
464 4336 521 4374 non
538 4320 673 4386 intellego.

171 4401 191 4467 'l
208 4409 285 4463 Teste
305 4406 477 4463 Bernardaki
504 4406 567 4467 (vid.
595 4407 656 4462 edit.
682 4407 752 4467 eius)
778 4405 879 4460 hocin
898 4405 1101 4461 codicenescio
1121 4421 1175 4474 quo
1194 4412 1291 4462 exstat.
