3282 5146
840 442 861 505 4

230 660 235 667 ·
269 632 572 700 innumerabilibus
590 632 895 717 comparationibus
913 639 946 698 et
959 631 1120 716 exemplis
1132 629 1303 695 interdum
1314 637 1432 695 ornata

164 831 165 834 Ἴ
270 761 304 821 et
319 755 493 833 illustrata,
516 733 688 819 interdum
706 754 901 838 interrupta.
936 754 1101 818 Praeterea
1123 750 1250 817 citandi
1272 758 1305 816 et
1319 751 1433 816 hiatus

270 876 421 943 evitandi
449 875 560 941 studio
594 875 685 959 (nam
718 874 772 939 his
806 875 906 960 nugis
941 873 1112 939 rhetoricis
1140 880 1261 958 praeter
1293 871 1433 936 modum

270 996 403 1062 deditus
436 996 516 1080 erat)
557 1017 645 1082 saepe
685 1001 852 1060 structura
891 996 997 1061 utitur
1037 1001 1188 1060 contorta
1227 994 1281 1060 vel
1320 993 1434 1057 minus

270 1124 435 1196 accurata,
459 1117 581 1202 saepius
598 1093 706 1206 ¹etiarn
728 1116 844 1182 ordine
866 1116 1047 1182 verborum
1069 1116 1245 1181 artificioso
1268 1121 1302 1180 et
1323 1136 1343 1180 a
1364 1115 1434 1180 vnl-

270 1245 349 1324 gata
388 1240 589 1324 scriptorum
629 1239 870 1304 consuetudine
911 1238 1118 1304 abhorrente.
1196 1238 1280 1313 Quae
1321 1238 1435 1302 omnia

271 1368 359 1426 certe
387 1361 462 1445 ipsa
490 1381 549 1445 per
572 1381 606 1424 se
629 1360 829 1424 narrationis
851 1361 1081 1445 perspicuitati
1102 1367 1269 1437 nocerent,
1304 1359 1446 1424 etiamsi·

271 1503 373 1571 opera
394 1483 466 1547 eius
488 1483 620 1566 integra
642 1487 675 1545 et
697 1480 872 1546 emendate
894 1481 1017 1546 tradita
1035 1488 1159 1561 essent3
1184 1480 1242 1546 sed
1259 1479 1435 1545 infeliciter

271 1625 323 1669 res
351 1625 385 1669 se
414 1604 512 1687 longe
535 1603 631 1668 aliter
651 1601 767 1675 habet:
798 1623 879 1666 nam
900 1585 970 1668 non
992 1601 1092 1667 modo
1115 1601 1285 1667 codicibus
1307 1603 1435 1666 utimur

272 1725 366 1789 omni
396 1745 518 1810 genere
550 1723 712 1789 vitiorum
745 1723 911 1808 praecipue
944 1723 1074 1788 lacunis
1107 1724 1250 1809 pessime
1283 1722 1434 1800 foedatis,

271 1866 391 1910 verum
419 1845 701 1930 paucissimorum
710 1842 734 1928 ¹)
764 1843 876 1908 adhuc
905 1845 1092 1929 scripturae,
1128 1845 1164 1910 id
1185 1845 1284 1936 'quod
1313 1852 1435 1911 nostrae

272 1966 363 2030 aetati
392 1973 478 2030 recte
508 1967 590 2032 vitio
621 1965 728 2043 datur,
758 1964 878 2050 plene
907 1971 941 2030 et
970 1972 1160 2031 accurate
1190 1966 1317 2051 publici
1338 1967 1435 2031 iactae

273 2093 353 2151 sunt
374 2087 465 2152 iuris.
511 2086 612 2162 Quod
634 2087 794 2172 sisperet
816 2088 902 2171 quis,
931 2088 1055 2172 scripta
1076 2071 1225 2166 moralia,
1249 2087 1435 2172 siquando

271 2207 336 2272 hoc
358 2182 442 2293 opus
464 2207 627 2273 librorum
650 2208 930 2274 conferendorum
952 2215 985 2273 et
1008 2209 1045 2273 in
1066 2209 1211 2274 familias
1239 2209 1436 2274 distribuen-

273 2327 394 2393 dorum
422 2328 615 2394 absolutum
644 2330 696 2408 sit,
726 2328 893 2410 codicum¹
911 2351 973 2416 ope
995 2330 1093 2414 longe
1116 2329 1344 2395 emendatiora
1365 2331 1435 2395 iore

153 2441 156 2445 ’
272 2471 377 2535 quam
395 2437 486 2515 nunc
505 2457 594 2528 sunt,
614 2471 729 2523 vereor
747 2471 790 2514 ne
801 2445 1018 2516 vehementer
1035 2458 1133 2516 erret:
1156 2451 1279 2516 horum
1296 2473 1437 2537 operum

273 2571 463 2637 emendatio
486 2592 617 2656 semper
638 2571 745 2637 multo
767 2573 875 2657 magis
893 2594 911 2638 e
928 2574 1119 2650 criticorum
1135 2573 1315 2658 sagacitate
1333 2595 1437 2658 quam

272 2713 290 2756 e
325 2691 488 2757 librorum
522 2692 671 2758 bonitate
708 2693 875 2778 pendebit.
931 2694 1061 2760 Verum
1097 2701 1135 2758 ut
1167 2716 1221 2759 me
1254 2674 1354 2760 'recte'
1374 2715 1436 2760 nec

273 2813 345 2879 sine
363 2834 464 2879 causa
480 2815 527 2879 ita
544 2815 667 2880 sentire
684 2814 869 2893 ostendam,
892 2814 993 2900 paulo
1012 2817 1200 2881 accuratius
1213 2815 1254 2880 de
1266 2815 1441 2882 codicibus,

265 2936 395 3030 nostris
418 2935 528 3000 dicam
550 2957 683 3001 necesse
706 2943 769 3001 est:
804 2937 864 3021 qui
885 2937 1011 3001 nullius
1033 2936 1087 3002 vel
1108 2938 1205 3022 parvi
1227 2943 1307 3001 sunt
1328 2938 1435 3022 pretii,

266 3062 312 3120 'ut
333 3077 395 3142 par
416 3063 475 3134 est,
498 3056 553 3121 hic
575 3078 711 3142 prorsus
730 3057 862 3135 omitt0;
887 3059 947 3142 qui
963 3059 1168 3143 praecipuam
1185 3059 1335 3144 aliquam
1352 3059 1438 3123 utili-

272 3182 377 3242 tatem
397 3176 521 3242 habere
544 3177 702 3244 videntur
723 3178 777 3244 vel
798 3184 964 3246 vetustate
987 3179 1163 3258 excellunt,
1192 3181 1229 3244 hi
1252 3187 1332 3246 sunt
1352 3181 1435 3245 iere:

359 3299 494 3368 Parislni
517 3321 549 3363 n.
581 3302 660 3364 1671
692 3297 791 3383 (A)²);
839 3303 920 3366 1672
943 3298 1007 3385 (Ε);
1054 3305 1135 3367 1675
1157 3300 1221 3386 (B);
1268 3306 1349 3370 1955
1372 3301 1435 3386 (Ε);

275 3423 357 3487 1956
379 3419 446 3504 (1));
471 3423 552 3487 1957
575 3418 632 3504 (F).

359 3543 625 3613 vindobonenses
654 3541 738 3606 Phil.
770 3542 825 3608 Gr.
856 3565 887 3608 n.
924 3547 985 3610 129
1015 3545 1122 3629 (num.
1146 3545 1250 3630 antiq.
1275 3532 1340 3628 73);
1376 3550 1437 3613 148

273 3663 376 3747 (num.
400 3670 467 3728 ant.
492 3662 552 3747 72).

360 3785 618 3855 Mediolanenses
648 3783 1006 3853 Ambrosianrc.126
1036 3787 1111 3864 inf.;
1143 3786 1177 3851 O.
1203 3787 1360 3866 1951111.;
1391 3788 1436 3853 M.

273 3907 323 3970 82.
347 3926 420 3989 sup.
508 3979 509 3982 Ἴ

302 4153 324 4220 ¹)
347 4157 457 4212 Rectius
476 4156 594 4212 fortasse
614 4158 797 4226 scripsissem,
820 4161 868 4214 vix
886 4161 982 4220 unius;
1011 4159 1060 4214 sed
1084 4161 1182 4216 malim
1199 4163 1228 4215 in
1248 4179 1311 4216 eam
1330 4167 1437 4231 partem

345 4260 467 4312 peccare,
486 4261 547 4313 quae
566 4246 673 4300 cautior
690 4249 739 4299 est

302 4328 324 4396 ²)
344 4332 458 4386 Numeri
477 4337 541 4388 sunt
560 4333 677 4400 catalogi
696 4333 869 4389 bibliothecae
887 4335 1009 4389 nationis
1028 4334 1181 4400 Gallorum,
1207 4337 1302 4391 litterae
1321 4337 1438 4419 Wytten·

344 4420 446 4475 bachii.
