3306 5144
874 435 935 498 128

322 625 382 690 sed
420 646 514 710 aeque
554 624 818 710 improbabiliter
856 625 1051 690 Maziriacus
1089 627 1249 698 τείνοντας,
1291 626 1489 692 Hercherus

322 749 510 818 ἐντείνοντος
542 747 763 814 coniecerunt.
821 746 890 812 Vix
922 745 1064 810 dubium
1098 752 1156 824 est,
1190 747 1274 831 quin
1307 748 1354 812 sic
1387 749 1494 834 scrip-

324 868 403 933 serit
424 868 638 933 Plutarchus:
662 869 707 931 ότι
728 869 787 950 μδν
809 868 869 950 γὰρ
892 866 979 949 ἰσχὺν
1003 867 1113 932 δίδωσι
1134 867 1169 932 τὸ
1191 874 1316 951 πνεῦμα
1340 869 1493 952 δηλοῦσιν

322 993 356 1054 αι’
377 991 514 1055 ἀλεῖπται
534 989 607 1060 τοὺς
629 989 767 1073 ἀθλητὰς
789 990 965 1060 κελεύοντες
987 990 1169 1071 ἀντερείδειν
1191 989 1270 1073 (scil.
1294 989 1329 1055 τὸ
1351 991 1491 1075 πνεῦμα)

322 1119 388 1182 ταῖς
406 1114 526 1196 τρίψεσι
543 1112 596 1176 καὶ
618 1113 846 1192 παρεγκόπτειν
868 1111 946 1195 (scil.
969 1110 1004 1175 τὸ
1025 1110 1169 1194 πνεῦμα),
1188 1112 1385 1195 πληροῦντας
1407 1112 1491 1196 (scil.

322 1239 378 1297 τοῦ
418 1231 605 1316 πνεύματος)
645 1233 692 1296 ἀεὶ
729 1232 765 1295 τό
805 1232 1006 1316 πλασσόμενα
1039 1235 1121 1316 μέρη
1161 1239 1216 1296 τοῦ
1250 1235 1406 1316 σώματος.
1445 1271 1493 1280 -

323 1354 542 1422 Audiendum
573 1353 616 1420 ad
644 1361 825 1437 utrumque
847 1353 1054 1420 infinitivum
1075 1353 1110 1418 τὸ
1132 1360 1265 1436 πνεῦμα,
1299 1353 1395 1418 aliter
1416 1377 1491 1420 non

322 1477 536 1562 intellegitur,
559 1496 626 1560 quo
648 1474 748 1540 modo
766 1481 932 1560 praecepta
953 1475 1133 1560 aliptarum
1156 1474 1306 1560 probent,
1330 1476 1491 1561 spiritum

324 1601 437 1684 ipsum
453 1599 540 1665 vires
557 1617 696 1681 augere;
718 1597 879 1678 ε’γκάπτειν
897 1596 932 1662 τὸ
943 1603 1067 1679 πνεῦμα
1079 1602 1129 1661 est
1139 1597 1289 1661 animam
1301 1597 1489 1677 retrahere;

322 1722 559 1804 παρεγκόπτειν,
604 1718 696 1804 quod
747 1725 834 1783 certe
883 1718 1050 1782 rarissime
1094 1718 1252 1796 occurrit,
1307 1718 1371 1784 hcc
1414 1719 1491 1784 loco

324 1843 491 1928 significat
526 1840 634 1922 ¹simul
667 1861 746 1906 cum
777 1839 952 1905 fricatione
986 1839 1136 1904 animum
1169 1839 1361 1920 retrahere';
1395 1841 1492 1925 quod

323 1963 459 2029 additur
480 1964 677 2046 πληροῦντας
706 1962 772 2046 (τοῦ
799 1961 989 2044 πνεύματος)
1021 2010 1027 2023 .
1051 2011 1057 2024 .
1081 2010 1087 2023 .
1117 1961 1154 2024 τὰ
1176 1961 1378 2043 πλασσόμενα
1403 1963 1489 2045 μέρη

323 2086 449 2171 optime
472 2084 629 2150 convenit
651 2105 726 2149 cum
745 2082 917 2147 Plutarchi
935 2082 1100 2148 sententia
1119 2083 1283 2167 ‘spiritum
1301 2103 1361 2166 per
1376 2089 1491 2148 totum

323 2228 444 2292 corpus
462 2205 618 2270 distribui
634 2205 688 2271 vel
704 2203 841 2269 arbitrio
859 2205 940 2281 cius,
958 2205 1018 2288 qui
1035 2204 1184 2268 animam
1202 2203 1312 2282 ducat,
1331 2203 1492 2269 distribui

323 2331 446 2415 possc’;
470 2328 510 2393 cf.
532 2326 633 2412 paulo
655 2327 743 2391 inira
765 2348 796 2411 p.
824 2324 918 2392 l30d
939 2327 992 2389 καὶ
1013 2325 1048 2390 τὸ
1064 2331 1188 2408 πνεῦμα
1205 2327 1318 2407 πράως
1335 2326 1488 2408 διομαλύ-

322 2475 416 2516 νοντα
448 2451 502 2513 καὶ
536 2450 709 2538 διαχέοντα
737 2449 829 2530 μέχρι
866 2453 929 2510 τῶν
962 2449 1087 2527 όκρανν;
1126 2468 1157 2531 p.
1195 2449 1287 2513 134a
1320 2446 1490 2529 διαφορῶν

324 2575 471 2656 ἐλαφρῶς
493 2570 533 2635 rb
548 2576 681 2652 πνεῦμα.

316 2845 353 2908 p.
378 2821 473 2888 13οε
495 2819 584 2904 (cap.
607 2818 726 2900 XVI).

408 2944 485 3007 ὅθεν
517 2943 588 3005 οὔτε
620 2941 719 3004 πλοῦν
751 2942 896 3026 ποιητέον
925 2942 995 3003 οὔτε
1024 2939 1213 3022 καταγωγὴν
1242 2940 1275 3002 ἐν
1303 2939 1487 3020 πανδοκείῳ

322 3071 409 3147 σιγῆς
441 3064 609 3146 πρόφασιν,
640 3063 706 3125 οὐδ’
738 3063 778 3124 ἂν
804 3063 916 3131 πάντες
942 3061 1161 3143 καταγελῶσιν.
1216 3061 1298 3124 ὅπου
1332 3060 1392 3142 γὰρ
1425 3063 1487 3125 οὐκ

323 3184 454 3268 αἰσχρὸν
475 3183 510 3247 τὸ
531 3189 643 3266 φαγεῖν
664 3183 740 3246 οὐδὲ
761 3181 796 3246 τὸ
820 3185 1035 3265 γυμνάζεσθαι
1058 3183 1221 3265 δήπουθεν
1243 3183 1374 3265 αἰσχρόν
1393 3203 1399 3215 ’
1419 3185 1483 3246 ἀλλ’

322 3309 443 3390 αἴσχιον
464 3305 498 3369 τὸ
522 3305 695 3369 δεδοικέναι
716 3303 770 3366 καὶ
793 3305 1008 3368 δνσαιπεῖσδαι
1029 3305 1144 3374 ναύτας
1164 3304 1227 3366 κτλ.

407 3427 492 3493 Cum
522 3446 631 3510 neque
659 3424 773 3489 cibum
802 3445 919 3510 capere
948 3426 985 3490 in
1014 3424 1201 3491 deversorio
1230 3446 1340 3510 neque
1363 3446 1486 3510 corpus

322 3571 473 3615 exercere
502 3558 599 3633 turpe
630 3568 700 3612 esse
730 3553 905 3625 statuatur,
935 3568 1004 3611 non
1033 3546 1141 3624 videc,
1171 3545 1340 3630 quomodo
1362 3554 1486 3612 nautas

321 3672 429 3736 vereri
467 3677 553 3736 recte
587 3671 719 3756 turpius
753 3669 866 3735 vocari
898 3669 1010 3754 possit.
1084 3668 1216 3733 Scilicet
1254 3666 1484 3734 scribendum:

323 3844 329 3856 .
356 3844 361 3856 .
387 3844 392 3856 .
423 3793 486 3856 ἀλλ’
517 3792 649 3876 αἰσχρὸν
675 3791 709 3855 τὸ
741 3791 913 3854 δεδοικέναι
935 3791 997 3853 κτλ.
1058 3791 1175 3876 Neque
1198 3791 1289 3855 enim
1311 3790 1485 3873 quaeritur,

321 3912 405 3998 quid
426 3915 558 3998 turpius
581 3915 632 3992 sit,
659 3912 717 3978 sed
739 3911 822 3996 quid
844 3917 942 3996 turpe
965 3912 1017 3989 sit,
1041 3911 1122 3997 quid
1146 3911 1223 3978 non.

316 4187 352 4250 ρ.
371 4141 539 4250 'reue-s
554 4161 642 4247 (cap.
668 4162 783 4244 Χνι).

406 4284 641 4366 καταγελῶντας
669 4284 707 4346 οὗ
735 4289 800 4369 τοῦ,
822 4283 1039 4364 σφαιρίζοντος
1062 4331 1068 4342 .
1092 4330 1098 4342 .
1122 4330 1128 4343 .
1150 4281 1227 4344 ἀλλὰ
1249 4287 1304 4345 τοῦ
1328 4283 1485 4363 λέγοντος,

320 4410 360 4470 ἂν
382 4409 449 4490 ἅμα
472 4408 604 4488 διδάσκῃ
627 4431 653 4468 τι
674 4406 727 4469 καὶ
749 4406 825 4486 ζητῇ
848 4452 855 4465 .
879 4452 885 4464 .
910 4452 915 4464 .
938 4402 1182 4484 γυμναζόμενος.
