3282 5146
911 457 952 521 36

346 671 456 735 neque
484 649 610 726 dubito,
639 649 722 734 quin
744 648 943 714 Plutarchus
964 648 1028 714 hoc
1050 648 1122 713 loco
1145 647 1231 713 sicut
1252 669 1283 732 p.
1307 651 1347 714 52
1365 669 1383 712 e
1405 646 1511 732 (Quo

346 771 446 837 modo
468 770 557 835 adul.
581 769 624 836 ab
646 769 754 834 amico
776 770 895 835 intern.
915 791 985 854 cap.
999 769 1075 853 VII)
1097 790 1118 834 a
1139 768 1254 834 fabula
1275 769 1332 834 illa
1354 769 1511 834 similitu-

266 924 268 947 ι
347 892 461 957 dinem
490 913 587 956 suam
616 891 804 976 sumpserit,
833 912 920 976 quae,
950 891 979 955 si
1008 896 1084 956 ante
1112 897 1243 974 τροφαῖς
1266 890 1510 975 interposueris

266 832 314 1168 θ
345 1019 411 1085 ταῖς
439 1013 571 1096 Κίρκης,
600 1013 729 1077 nullam
758 1018 845 1078 certe
874 993 1037 1097 praebebit
1065 1010 1304 1077 difficultatem.
1359 1011 1511 1084 Lacunis

346 1141 467 1222 praeter
506 1134 572 1200 alia
610 1134 770 1200 vitiorum
809 1154 932 1218 genera
971 1133 1158 1218 antiquitus
1190 1133 1251 1198 hos
1284 1132 1385 1199 libros
1418 1133 1511 1198 male

347 1256 496 1321 foedatos
519 1276 599 1334 esse,
622 1256 658 1320 in
681 1255 876 1340 praeiatione
899 1254 1115 1320 ostendimus.

340 1458 377 1523 p.
403 1439 476 1505 170
498 1438 583 1523 (cap.
609 1436 671 1519 II).

431 1559 500 1622 ὅσοι
520 1559 626 1641 μέντοι
648 1557 702 1621 τὸν
722 1558 869 1624 ὅάνατον,
884 1558 930 1628 ὡς
950 1557 1075 1640 οἰκτρὸν
1092 1561 1111 1640 ἢ
1128 1557 1184 1640 τὴν
1201 1558 1336 1638 ἀταφίαν
1348 1557 1394 1628 ὡς
1406 1557 1513 1620 δεινὸν

346 1680 577 1762 ὀλοφυρόμενοι
599 1680 652 1742 καὶ
675 1680 808 1750 δεδιότες
824 1679 937 1762 φωνὰς
953 1679 1165 1762 ε’ξενηνόχασιῑ
1186 1686 1375 1762 sequuntur·
1391 1699 1513 1744 versus

346 1800 474 1884 aliquot
496 1799 637 1864 Homeri
666 1807 699 1865 et
728 1799 795 1866 duo
822 1799 1002 1885 Euripidis,
1033 1799 1153 1864 deinde
1183 1799 1229 1864 sic
1257 1799 1379 1903 pergit:
1417 1797 1514 1863 αὗται

345 1922 555 1985 πεπονθότων
577 1922 632 1985 εἰσὶ
654 1922 707 1984 καὶ
727 1921 980 2005 προεαλωκότων
1001 1921 1064 1984 ὅπδ
1088 1921 1184 2003 δόξης
1205 1921 1258 1984 καὶ
1281 1922 1408 2004 ἀπάτης.

429 2042 470 2106 Iu
483 2041 708 2127 superioribus
721 2043 883 2128 exposuit,
897 2042 1094 2120 Homerum,
1102 2041 1297 2119 Pindarum,
1308 2041 1514 2127 Sophoclem

346 2170 460 2248 poetas
479 2185 522 2229 ne
540 2165 629 2249 ipsos
647 2164 784 2248 quidem
796 2164 991 2230 formidines
1003 2164 1085 2241 illae,
1105 2163 1228 2247 quibus
1240 2184 1344 2248 regna
1354 2163 1513 2228 Plutonis

346 2292 571 2363 exornassent,
602 2307 697 2352 veras
728 2307 798 2350 esse
828 2285 1015 2363 credidisse,
1049 2292 1087 2349 ut
1108 2286 1216 2350 iacere
1238 2306 1308 2350 non
1329 2285 1511 2370 possimus,

347 2407 431 2491 quin
459 2414 626 2492 putemus,
658 2429 705 2485 ea,
736 2428 812 2491 quae
842 2413 1038 2490 sequuntur,
1069 2405 1112 2470 ad
1135 2405 1342 2471 excusandas
1364 2405 1513 2472 aliorum

347 2535 523 2613 poetarum
546 2529 728 2593 contrarias
751 2528 925 2613 opiniones
944 2527 1040 2618 (ὅσοι
1062 2529 1194 2609 μέντοι
1294 2527 1511 2610 ἐξενηνόχασι)

347 2647 436 2713 diota
465 2670 544 2713 esse.
597 2648 663 2714 Sed
692 2649 755 2714 hoc
783 2649 876 2713 nullo
906 2648 1006 2714 modo
1035 2648 1106 2713 fieri
1135 2670 1240 2734 posse,
1274 2649 1328 2714 vel
1355 2648 1433 2713 inde
1462 2649 1514 2713 in-

346 2769 522 2853 tellegitur,
557 2770 648 2854 quod
679 2771 801 2835 horum
830 2791 971 2835 numero
1001 2791 1070 2834 non
1099 2771 1211 2834 minus
1242 2792 1344 2854 quam
1374 2770 1514 2836 illorum

347 2892 516 2957 Homerus
538 2891 682 2957 habetur
703 2898 736 2957 et
758 2891 922 2957 laudatur.
977 2892 1141 2956 Praeterea
1163 2891 1317 2977 apodosis
1339 2913 1408 2956 non
1431 2899 1513 2977 apte

346 3012 526 3098 respondet
547 3013 757 3078 antecedenti
779 3014 953 3094 enuntiato
975 3012 1114 3079 relativo
1138 3013 1512 3097 (ὅσοι-ἐξενηνόχασι).

240 3174 243 3190 1
348 3171 390 3178 —
407 3132 629 3198 Scribendum
651 3155 711 3219 pro
733 3135 802 3197 ὅσοι
818 3133 952 3199 videtur
968 3135 1070 3207 ὅσας,
1093 3133 1190 3198 itaet
1208 3135 1313 3199 oratio
1332 3134 1514 3219 perspicua

349 3254 439 3338 (ὅσας
468 3255 580 3336 φωνὰς
608 3255 807 3338 ἐξενηνόχασι
837 3253 901 3340 [scl.
931 3253 1047 3341 pcetae]
1080 3308 1086 3320 .
1112 3308 1118 3320 .
1143 3309 1150 3320 .
1181 3253 1270 3318 αὗται
1298 3255 1513 3320 πεπονθότων

348 3378 403 3439 εἶσι
420 3377 495 3459 κτλ.)
514 3377 700 3441 restituitur
717 3383 750 3441 et
768 3374 996 3441 membrorum
1015 3377 1223 3442 concinnitas
1246 3383 1406 3455 servatur,
1430 3397 1512 3442 curn

347 3498 562 3562 enuntiatum
583 3497 761 3564 relativum
784 3498 921 3563 omnino
941 3497 981 3562 de
999 3499 1114 3583 poetis
1139 3499 1198 3582 qui
1214 3498 1295 3563 talia
1311 3505 1510 3578 tractarunt,

347 3641 416 3684 non
439 3619 479 3684 de
502 3619 599 3684 certis
622 3618 826 3703 quibusdam
849 3618 976 3684 dictum
999 3641 1069 3684 esse
1093 3626 1260 3705 appareat.

341 3833 378 3897 p.
404 3813 477 3880 18b
502 3815 587 3900 (cop.
611 3814 695 3897 III).

431 3935 465 3996 ἐν
487 3935 533 4005 οἷς
554 3938 684 4017 μάλιστα
708 3937 756 4000 δεῖ
774 3935 827 3998 τὸν
849 3936 921 3998 νέον
943 3935 1112 4009 ἐδίζεσὸαι,
1136 3934 1366 4017 διδασκόμενον
1388 3935 1433 3998 ὅτι
1454 3936 1512 4018 τὴν

347 4059 461 4139 πρᾶξιν
490 4057 550 4119 οὐκ
578 4057 766 4138 ἐπαινοῦμεν
787 4055 826 4138 ἧς
847 4057 1014 4140 γέγονενὴ
1043 4056 1180 4137 μίμησις,
1211 4057 1287 4119 ἀλλὰ
1316 4056 1372 4138 τὴν
1400 4057 1513 4140 τέχνην

347 4179 376 4240 εἰ
400 4178 571 4260 μεμίμηται
591 4178 818 4259 προσηκόντως
838 4176 873 4240 τὸ
896 4177 1111 4258 ὑποκείμενον.

431 4300 591 4373 ἐθίζεσθαι
614 4301 647 4361 ἔν
668 4323 723 4361 τινι
745 4298 882 4362 omnino
905 4283 1019 4362 Graece
1049 4318 1117 4361 non
1140 4297 1207 4362 dici
1227 4319 1323 4382 posse
1346 4298 1513 4364 affirmare

348 4419 472 4498 ausum
504 4420 562 4485 sed
591 4418 723 4485 etiamsi
744 4424 882 4504 poterat,
913 4424 1028 4483 tamen
1050 4418 1186 4484 initium
1207 4419 1308 4484 huius
1331 4419 1513 4488 verborum
