3282 5146
697 493 854 596 27.

134 686 212 764 seio,
247 706 325 750 eum
352 684 492 750 articulo
520 685 736 768 coniungitur
769 690 806 748 ut
840 685 913 766 πρίν
940 683 1114 768 multaque
1148 684 1221 749 alia.
1256 721 1298 732 -

134 807 200 872 His
233 806 274 871 de
307 807 416 871 causis
450 805 634 871 amiculumv
669 810 746 870 ante
781 805 958 888 συλλήβδην
1002 805 1184 872 delendum
1227 827 1298 908 esse
1367 854 1370 860 .

134 949 254 993 censeo
292 933 330 992 ut
368 947 476 992 errore
514 925 727 991 librariorum
765 946 807 990 ex
845 925 1072 1011 superioribus
1107 927 1296 1012 repetitum.
1409 940 1457 1082 ηγ

136 1047 360 1114 scribendum
382 1048 498 1132 igitur:
521 1049 551 1111 τί
571 1048 749 1130 συλλήβδην
771 1047 893 1130 αἱρετόν
914 1049 943 1110 τί
962 1049 1107 1130 φευκτόν.

132 1312 167 1375 ρ.
191 1291 247 1358 8ο
268 1290 352 1375 (cap.
377 1289 437 1374 X).

219 1417 315 1493 τριῶν
338 1411 397 1493 γὰρ
424 1411 585 1475 όντων-
603 1411 795 1494 πλημμελής.
818 1449 860 1456 -
882 1389 965 1475 Tria
983 1411 1132 1496 primum
1153 1411 1301 1477 vitarum

135 1553 259 1617 genera
271 1538 520 1610 enumerantur,
530 1531 650 1597 deinde
663 1531 704 1597 de
716 1531 836 1597 iisdem
847 1538 978 1597 mutato
990 1531 1106 1597 ordine
1118 1531 1300 1611 iudicatum

136 1652 195 1717 sed
217 1673 296 1717 eum
317 1654 354 1717 in
377 1653 508 1718 duobus
531 1652 633 1718 altero
655 1653 727 1718 loeo
749 1635 894 1718 addatur
915 1659 1071 1718 accurata
1090 1653 1297 1737 significatio,

135 1775 173 1838 in
202 1775 299 1839 tertio
327 1774 429 1840 talem
458 1773 573 1840 abesse
595 1795 692 1859 posse
714 1795 783 1840 non
806 1774 913 1852 eredo,
936 1774 1122 1859 praesertim
1144 1795 1222 1839 oum
1243 1774 1298 1838 hie

136 1895 293 1980 perfacile
316 1895 467 1960 excidere
489 1896 643 1980 poluerit.
677 1895 796 1981 Itaque
815 1902 934 1973 statuo,
958 1902 1034 1980 post
1050 1897 1069 1958 ό
1079 1897 1139 1978 μέν
1155 1896 1299 1961 inseren-

136 2014 219 2080 dum
236 2037 307 2080 esse
324 2017 561 2095 ἀπολαυστικός,
579 2024 618 2082 ut
630 2016 808 2082 scribatur:
833 2069 839 2081 .
854 2069 860 2081 .
874 2070 880 2081 .
894 2015 942 2081 ὧν
953 2018 972 2080 ό
985 2019 1045 2099 μέν
1056 2019 1117 2080 ἐστι
1127 2017 1299 2099 πρακτικὸς
1347 2049 1351 2054 ·
1403 2049 1409 2056 ·

137 2137 214 2200 όόὲ
235 2136 432 2220 θεωρητικός
459 2139 478 2200 ό
506 2139 832 2208 όάπολανστικός.
876 2139 894 2201 ό
921 2137 981 2220 μὲν
1011 2138 1299 2209 ἀπολαυστικὸς
1339 2127 1433 2171 ἨΜ
1552 2135 1556 2143 ’

136 2258 264 2328 ἔκλυτος
285 2258 348 2321 κτλ.

133 2522 166 2586 ρ.
190 2502 213 2569 8
223 2500 257 2590 s
272 2502 355 2586 (cop.
371 2501 460 2582 XI).

220 2623 390 2690 noluerim
413 2623 472 2705 μὲν
496 2623 534 2705 δὴ
558 2613 712 2704 τῷλόγῳ
735 2624 1024 2704 παρεφορτισάμην,
1052 2624 1087 2685 ἵν’
1112 2623 1226 2704 ἐφεξῆς
1247 2621 1301 2684 καλ

136 2743 229 2806 τᾶλλα
251 2745 313 2806 κτλ.
338 2748 382 2789 -’
400 2743 465 2808 Pro
493 2746 782 2827 παρεφορτισάμην,
813 2745 848 2806 ἵν’
873 2745 996 2826 ἕφεξῆς,
1024 2741 1117 2828 quod
1145 2744 1299 2828 ineptum
1376 2765 1417 2894 s

138 2869 196 2940 est,
220 2864 435 2929 scribendum
457 2885 528 2929 esse
550 2867 838 2948 παρεφορτισάμην.
871 2871 928 2928 νῦν
951 2866 1094 2949 δ’ἐφεξῆς
1113 2864 1177 2930 alio
1194 2864 1300 2948 loeo1)
1387 2905 1396 2925 ι

137 2984 275 3050 ostendi.

134 3246 170 3310 ρ.
194 3225 216 3292 8
227 3225 261 3312 f
276 3225 359 3310 (cap.
384 3226 484 3310 XII).

138 3323 140 3330 V
221 3345 360 3410 Κάκεῖνό
382 3372 474 3430 φημι,
497 3349 560 3412 δεῖν
589 3348 662 3418 τοὺς
684 3349 799 3418 παῖδας
822 3349 871 3411 ἐπὶ
892 3345 929 3412 τὰ
952 3349 1033 3412 καλὰ
1056 3354 1119 3412 τῶν
1141 3349 1300 3432 ἐπιτηδευ-

136 3469 247 3549 μάτων
269 3469 354 3548 ἄγειν
381 3469 578 3550 παραινέσεσι
607 3469 661 3531 καὶ
688 3469 801 3550 λόγοις,
831 3469 876 3551 μὴ
906 3469 953 3551 μὰ
978 3469 1036 3532 Δία
1066 3451 1198 3552 πληγαῖς
1223 3470 1298 3552 μηδ’

138 3590 301 3670 αἰκισμοῖς.
583 3585 585 3590 ’

220 3709 341 3774 Fateor
359 3730 413 3774 mo
432 3730 502 3774 non
521 3710 600 3774 satis
617 3708 818 3794 intellegere,
842 3708 926 3793 quid
940 3703 995 3774 h'ie
1008 3708 1199 3794 significent
1214 3709 1301 3792 λόγοι

135 3830 191 3896 illi.
215 3829 1300 3916 XylanderinterpretaturLatine»verbisadhortationibusqueu

137 3951 184 4016 ita
205 3958 319 4016 autem
335 3952 565 4037 inlerpretatio
582 3952 703 4018 Latina
720 3959 753 4016 el
769 3958 881 4017 textus
894 3951 1030 4018 Graecus
1048 3973 1142 4036 aeque
1160 3951 1301 4017 obseura

138 4079 231 4150 sunu
253 4094 363 4158 neque
385 4073 421 4139 id
437 4075 572 4153 mirum,
596 4095 675 4138 eum
691 4081 794 4140 vastae
813 4080 846 4138 el
863 4072 1031 4158 ambiguae
1049 4073 1301 4157 significationis

138 4213 262 4258 nomen
286 4193 414 4278 (λόγοις)
438 4186 624 4260 admodum
644 4195 765 4279 frigeat
786 4195 851 4272 hio,
881 4194 941 4259 ubi
962 4195 1096 4278 insigne
1119 4194 1247 4279 aliquid
1270 4200 1303 4259 et

167 4459 189 4528 ¹)
208 4463 292 4518 Nord.
310 4465 453 4520 Tidsskrift
471 4465 488 4519 f.
508 4466 584 4520 Filol.
603 4466 620 4519 l.
639 4467 656 4519 l.
