3282 5146
297 611 453 686 evadere.
494 613 623 680 Verum
646 614 692 679 sic
714 616 794 697 βίων
817 635 887 680 sese
910 636 980 680 non
996 610 1083 680 recte
1105 613 1229 679 habere
1246 621 1363 701 potest,
1386 637 1469 680 nam

247 713 251 722 ⁴
303 731 345 796 de
378 733 456 799 vitis
489 734 575 798 nihil
602 734 688 799 dixit
715 756 831 820 supra;
866 735 990 801 menda
1021 735 1149 801 tollitur
1181 736 1359 810 inserendo
1392 743 1471 822 post

243 850 245 877 ⁰
301 847 382 937 βίων
415 871 454 922 eo
483 855 656 934 vocabulo,
690 856 782 940 quod
805 833 937 936 cncidit,
961 859 1114 940 ἀνωγῶν;
1149 857 1216 923 vid.
1250 861 1399 942 supra3
1433 879 1470 922 a:

246 965 256 977 r
299 951 425 1060 μεγάλη.
447 1001 493 1041 τοι
528 977 611 1060 ῥοπή
644 977 726 1060 πρὸς
748 979 859 1061 ἀρετῆς
886 979 997 1061 κύησίν
1025 969 1104 1064 ἐστιν
1127 1028 1133 1041 .
1158 1028 1164 1041 .
1188 1028 1194 1041 .
1223 979 1277 1042 καὶ
1300 979 1359 1060 ἴδη
1382 977 1470 1062 καὶῑ)

302 1099 498 1162 διδασκαλίαι
526 1099 580 1162 καὶ
610 1101 708 1181 βίων
736 1100 888 1181 ἀγωγαί
893 1121 899 1177 ;
939 1099 1111 1164 neminem
1143 1091 1264 1177 turbet,
1294 1097 1386 1182 quod
1412 1099 1470 1163 hic

300 1226 334 1284 et
383 1219 589 1284 consuetudo
638 1226 671 1284 et
713 1219 879 1285 institutio
931 1226 964 1285 et
1013 1220 1167 1286 educatio
1216 1223 1467 1298 enumerantur,

301 1341 478 1425 ingenium
511 1341 690 1406 omittitur:
730 1341 905 1426 ingenium
938 1342 1114 1420 omittitur,
1148 1340 1240 1426 quod
1272 1341 1363 1407 idem
1396 1362 1467 1407 esse

299 1461 439 1546 fingitur
455 1461 506 1546 (cf.
526 1466 547 1530 3
563 1461 600 1526 b:
625 1460 710 1526 οὗτοι
729 1463 851 1544 γονέων
867 1468 932 1528 τῶν
954 1465 1060 1526 αὐτῶν
1076 1462 1282 1547 ἀμφότεροι),·
1300 1463 1467 1529 institutio

299 1558 505 1668 (διδασκαλία)
539 1590 572 1648 et
607 1582 760 1648 educatio
789 1581 879 1667 (βίων
909 1584 1031 1668 ἀγωγή)
1064 1590 1144 1648 sunt
1183 1583 1322 1651 diversae
1355 1591 1467 1669 partes

299 1704 402 1769 totius
426 1704 611 1789 disciplinae
635 1704 864 1788 (παιδεύσεως).
898 1689 899 1692 “
1087 1692 1088 1696 “

299 1885 426 1994 ‘idean
460 1910 550 1993 VII).

385 2031 421 2094 δι’
447 2033 585 2113 ἄγνοιαν,
607 2032 667 2095 dod
688 2031 739 2094 ὅτε
761 2031 815 2094 καὶ
838 2032 875 2095 δι’
900 2031 1050 2114 ἀπειρίαν.

384 2154 494 2234 ἄγνοια
538 2159 571 2217 et
608 2154 731 2236 ἀπειρία
769 2152 860 2217 idem
898 2153 967 2217 iere
1006 2151 1205 2236 significant,
1249 2151 1305 2215 hic
1351 2156 1467 2216 autem

298 2274 476 2340 manifesto
499 2274 631 2340 diversa
651 2274 734 2340 vitia
756 2273 1004 2358 vituperantur;
1028 2274 1141 2358 itaque
1163 2274 1312 2349 fortasse,
1336 2278 1374 2337 ut
1396 2272 1467 2337 iam

266 2429 274 2452 x
297 2402 398 2460 antea
419 2394 551 2460 ostendi
559 2393 591 2477 2),
616 2392 831 2459 scribendum
854 2394 890 2457 δι’
916 2395 1033 2457 ἄνοιαν.

300 2562 476 2648 7δ(ααρ.
500 2561 555 2645 Χ).

383 2684 433 2748 διὰ
462 2683 521 2766 γὰρ
543 2685 657 2766 ταύτην
685 2686 745 2748 ἔστι
773 2683 826 2746 καὶ
853 2683 930 2766 μετὰ
960 2685 1074 2767 ταύτης
1101 2689 1219 2766 γνῶναι
1246 2685 1274 2746 τί
1298 2683 1333 2746 τὸ
1363 2683 1464 2747 καλὸν

298 2807 328 2868 τί
357 2804 392 2869 τδ
426 2805 564 2888 αἰσχρόν,
597 2806 626 2867 τί
654 2804 690 2868 τὸ
724 2806 845 2869 δίκαιον
876 2807 906 2867 τί
934 2805 970 2868 τὸ
1001 2806 1125 2878 ἄδικον,
1158 2806 1187 2867 τί
1216 2803 1252 2868 τὸ
1285 2805 1465 2888 συλλήβδην

299 2927 421 3009 αἱρετὸν
449 2928 478 2988 τί
503 2926 647 3008 φευκτόν.
680 2964 722 2972 —-
755 2926 809 2993 Sic
842 2925 933 3004 libri;
963 2925 1164 3004 HercheruS‚
1198 2943 1301 3010 quem
1328 2932 1464 2990 secutus

299 3053 349 3112 est
365 3046 598 3124 Bernardakis,
621 3047 759 3112 maleto
783 3053 860 3112 ante
883 3047 1020 3130 φευκτόν
1041 3047 1249 3132 interposuit,
1279 3046 1404 3111 sedicet
1425 3052 1466 3111 ut

298 3166 528 3233 membrorum
550 3167 812 3232 concinnitatem
833 3169 1028 3234 restitueret.
1074 3167 1203 3234 Verum
1225 3169 1374 3254 primum
1395 3166 1464 3233 duo

299 3294 468 3375 postrema
489 3287 642 3354 membra
662 3310 733 3354 non
755 3309 850 3374 aeque
868 3310 907 3354 ac
925 3289 1097 3374 superiora
1113 3288 1293 3354 articulum
1308 3295 1462 3374 poscunt,

299 3432 410 3496 neque
432 3411 524 3476 enim
546 3410 758 3496 philosophia
775 3410 897 3494 quaerit
919 3409 959 3475 de
981 3403 1104 3475 natura
1125 3411 1206 3489 eius,
1230 3410 1322 3495 quod
1344 3410 1465 3494 eligan-

299 3532 382 3597 dum
404 3539 464 3598 aut
484 3531 686 3616 fugiendum
708 3539 766 3610 est,
792 3530 851 3596 sed
873 3531 1027 3610 ostendit,
1056 3531 1140 3616 quid
1161 3532 1198 3596 in
1219 3531 1362 3616 singulis
1384 3530 1463 3598 vitae

298 3653 551 3719 condicionibus
574 3653 767 3738 eligendum
791 3659 851 3719 aut
871 3652 1073 3737 fugiendum
1095 3653 1146 3718 sit.
1192 3652 1323 3718 Deinde
1345 3652 1464 3717 articu-

299 3773 352 3838 lus
374 3779 451 3838 ante
474 3775 652 3858 συλλήβδην
673 3795 783 3860 neque
806 3794 885 3838 cum
908 3775 1029 3857 αἱρετόν
1051 3779 1128 3858 apte
1156 3774 1316 3858 coniungi
1343 3778 1462 3858 potest,

299 3895 347 3959 sic
370 3893 461 3958 enim
479 3894 656 3979 συλλήβδην
673 3895 783 3960 solum
807 3894 850 3960 ad
872 3896 994 3979 αἱρετόν
1015 3893 1220 3959 trahendum
1242 3895 1318 3974 orit3
1352 3914 1462 3979 neque

300 4036 380 4080 cum
414 4015 600 4099 συλλήβδην,
638 4036 720 4080 nam
751 4016 816 4082 hoc
850 4015 1049 4082 adverbium
1081 4036 1261 4100 nusquam,
1295 4022 1463 4101 quantum

300 4214 403 4223 .---

326 4313 348 4376 1λ
367 4316 498 4371 Herchcri
516 4332 619 4385 sequor
636 4316 793 4372 editionem.

327 4400 349 4466 ²)
371 4403 454 4458 Nord.
474 4404 617 4461 Tidsskriit
635 4403 678 4459 for
696 4405 817 4472 Filologi.
854 4403 886 4458 N.
906 4405 938 4459 R.
957 4399 959 4402 ’
975 4405 1021 4462 VII
1038 4419 1101 4472 pag.
1121 4399 1180 4454 137.
