3282 5146
726 433 767 498 49

151 622 322 689 Revocata
353 623 445 687 enim.
477 644 663 708 paucorum
696 623 850 689 codicum
883 623 1048 708 scriptura
1076 623 1112 686 τὸ
1140 623 1237 705 λέγειν
1266 623 1313 688 sie

150 743 264 810 locum
281 743 518 829 explicandum
534 766 604 810 esse
621 752 733 811 censet
756 767 762 810 :
780 746 834 810 καὶ
852 745 889 828 νὴ
903 744 970 818 Δία,
993 747 1025 808 εἴ
1040 769 1084 816 τις
1099 745 1183 826 λέγοι
1200 745 1313 827 ἐφεξῆς

153 866 265 949 (ἤγουν
290 867 354 948 μετ’
390 865 465 929 ἄλλο
494 890 529 938 τι,
563 866 670 948 ὥσπερ
703 867 870 949 χρήμασιν,
904 866 1038 936 δείπνοις
1070 866 1145 948 κτλ.)
1182 867 1312 947 ίἄριστε’,

150 988 171 1052 i.
186 1008 228 1052 e:
252 986 390 1052 omnino
413 986 442 1050 si
463 987 539 1070 quis
561 993 637 1072 post
657 985 750 1051 aliud
768 986 851 1072 quid
868 987 958 1052 dieat
976 989 1088 1070 ἄριστε,
1112 987 1132 1052 i.
1146 1007 1189 1052 e.:
1213 1008 1313 1052 omne

151 1107 281 1173 dietum
309 1106 368 1171 ubi
394 1128 461 1172 vox
483 1108 585 1190 ἄριστε
607 1107 831 1192 subiungitur,
866 1109 1028 1193 sequitur.
1085 1107 1151 1174 Sed
1183 1114 1314 1194 praeter·

151 1251 257 1314 quam
279 1227 370 1313 quod
391 1229 479 1294 hano
502 1229 747 1294 enarrationem
769 1250 839 1294 non
861 1235 948 1294 stare
971 1250 1067 1314 posse
1089 1230 1158 1294 iam
1180 1229 1315 1295 demon-

152 1351 343 1428 stravimus,
377 1348 474 1415 valde
511 1348 638 1428 dubito,
672 1372 717 1416 an
749 1350 890 1418 verbum
922 1351 986 1416 hoo
1019 1352 1133 1433 ἑφεξῆς
1154 1351 1202 1416 sie
1223 1350 1311 1415 nude

152 1471 302 1556 positum
324 1469 408 1535 illud
428 1470 615 1554 significare
634 1493 703 1536 non
720 1471 833 1557 possit,
856 1470 948 1556 quod
959 1471 1064 1536 credit
1074 1471 1313 1550 Bernardakis;

154 1592 274 1658 saltem
295 1591 369 1656 aliis
391 1591 552 1678 exemplis
575 1593 777 1658 sententiam
799 1613 895 1658 suam
918 1593 1090 1658 firmasset.
1135 1592 1209 1657 Iam
1230 1593 1314 1658 viro

152 1734 229 1777 rum
252 1712 427 1778 doctorum
449 1714 624 1779 conatibus
646 1715 817 1780 recensitis
840 1721 873 1779 ot
894 1714 1094 1779 examinatis
1111 1735 1182 1778 rem
1199 1721 1313 1780 nostro

152 1834 259 1899 Marte
292 1833 475 1900 diiudicare
509 1836 751 1939 experiemur.X
793 1834 965 1900 Excidisse
1005 1834 1133 1920 aliquid
1165 1835 1315 1919 Wptten-

152 1954 272 2020 baohio
315 1977 451 2041 prorsus
494 1957 666 2030 assentior,
711 1956 769 2022 sed
813 1956 904 2041 quod
940 1957 989 2021 ita
1026 1956 1312 2022 enumerationem

152 2075 406 2142 antecedentem
439 2078 702 2164 comprehendat
733 2086 767 2143 et
798 2077 959 2156 absolvat,
1003 2084 1041 2142 ut
1080 2078 1169 2142 intra
1206 2099 1313 2163 genus

152 2219 270 2263 earum
286 2219 399 2262 rerum
418 2198 524 2277 eadat,
548 2198 671 2284 quibus
689 2220 766 2264 oum
784 2199 987 2265 contumelia
997 2199 1144 2265 hominis
1156 2197 1314 2285 appellati

151 2319 426 2404 praestantissime
455 2319 595 2404 adiungi
617 2320 735 2406 possit;
764 2318 857 2385 aliud
879 2319 1008 2386 laounae
1030 2319 1313 2405 supplementum,

152 2446 190 2504 ut
212 2440 312 2525 paulo
335 2461 437 2526 supra
456 2440 535 2518 dixi,
555 2440 658 2507 verba
676 2442 851 2526 sequentia
870 2440 1068 2520 excludunt;
1091 2441 1183 2525 quod
1200 2442 1228 2506 si
1244 2463 1313 2506 non

151 2560 378 2640 excluderent,
390 2561 579 2627 nullaeerte
588 2569 791 2641 caussasse,
801 2562 1314 2641 curerederemuaPlutarehum

151 2683 264 2767 inepte
281 2684 436 2761 vetuisse,
460 2684 532 2748 eius
552 2683 644 2748 modi
663 2684 714 2748 uti
731 2684 1011 2770 appellationibus
1023 2685 1061 2749 in
1071 2684 1229 2749 omnibus
1240 2685 1314 2750 aliis

152 2803 251 2868 rebus
284 2804 386 2869 etiam
419 2804 524 2870 bonis.
581 2805 645 2870 His
674 2804 860 2870 rationibus
891 2805 1056 2871 adductus
1082 2807 1128 2870 sio
1151 2806 1313 2891 seriptum

151 2926 255 2989 fuisse
284 2931 409 2990 statuo:
443 2926 497 2989 κοί
529 2926 566 3008 νὴ
601 2927 659 2990 Δία
692 2926 726 2990 τὸ
759 2927 857 3008 λέγειν
890 2929 986 2990 ἅπασι
1018 2928 1168 2997 τοιούτοις
1200 2927 1315 3009 ἑφεξῆς

155 3047 272 3129 (ἅριστέ
298 3047 318 3112 i.
332 3069 377 3113 e:
401 3052 503 3131 atque
514 3046 598 3112 adeo
616 3048 652 3112 in
671 3046 828 3112 omnibus
843 3047 946 3112 huius
963 3047 1055 3113 modi
1074 3047 1172 3113 rebus
1192 3046 1313 3112 addere

154 3168 455 3252 praestantiesimo'.
510 3168 561 3233 De
593 3169 739 3234 formula
772 3168 907 3234 iurandi
936 3170 972 3252 νὴ
1004 3170 1062 3234 Δία
1088 3175 1197 3254 tatque
1220 3168 1311 3234 adeo'

150 3287 206 3354 vel
247 3289 339 3373 ¹quin
377 3289 486 3354 etiam'
524 3290 733 3373 significante
767 3289 922 3356 videatur
955 3291 1123 3357 animadv.
1165 3290 1315 3375 Wytten-

151 3408 263 3474 baehii
284 3409 328 3474 ad
350 3432 380 3495 p.
405 3414 446 3476 66
469 3431 498 3475 a.

604 3703 720 3710 -—..-.-.—
724 3703 856 3710 ..am--

571 3940 652 4024 Περὶ
674 3948 729 4004 τοῦ
753 3942 887 4004 ἀκούειν.

148 4166 183 4233 p.
206 4145 280 4212 38e
301 4145 390 4231 (cap.
414 4144 497 4228 III).

235 4272 300 4336 τοῖς
312 4267 371 4348 μὲν
388 4264 445 4329 οὗν
463 4267 561 4349 ὄρνισι
577 4267 632 4338 τὰς
642 4267 835 4349 ὑπηνεμίους
851 4266 973 4348 λοχείας
990 4267 1043 4329 καὶ
1061 4266 1178 4335 ὠδῖνος
1195 4265 1313 4329 ἀτελῶν

151 4412 243 4451 τινων
265 4388 318 4450 καί
340 4388 478 4470 ἀψύχων
500 4389 743 4470 ὑπολειμμάτων
768 4388 869 4470 ἀρχὰς
890 4388 1032 4468 λέγουσιν
1053 4386 1138 4452 εἶναι.

1081 4516 1097 4569 4
