3282 5146
270 618 307 681 p.
332 597 409 685 dds
425 599 513 682 (cop.
538 599 655 682 XIX).

360 720 508 802 ἀδελφοῖς
528 719 587 801 μὲν
605 721 665 802 γὰρ
683 721 819 802 ὁρῶντες
836 721 1086 804 διαφερομένους
1103 725 1122 804 ἢ
1141 725 1262 804 γονέων
1273 725 1440 806 ὑπερφρο-

275 846 406 910 νοῦντας
446 843 465 922 ἢ
505 841 586 924 πρὸς
627 847 776 922 γυναῖκας
816 843 921 906 αὑτῶν
954 844 1172 926 ὑπεροπτικῶς
1205 846 1333 927 ἔχοντας
1366 848 1442 909 οὔτε

276 963 478 1026 νουθετοῦσιν
501 963 563 1025 οὔτ’
589 963 781 1044 ἐγκαλοῦσιν,
804 964 881 1026 ἀλλὰ
906 964 959 1026 καὶ
977 967 1240 1046 προσεπιτείνουσι
1258 966 1313 1036 τὰς
1331 968 1440 1049 ὀργάς.

279 1084 325 1165 ςοὑ
347 1083 407 1165 γὰρ
430 1085 565 1166 αἰσθάνῃ
589 1091 712 1147 σαυτοῦ·
736 1085 789 1147 καὶ
811 1084 849 1148 σὺ
870 1085 991 1148 τούτων
1009 1087 1112 1158 αἴτιος,
1135 1086 1183 1150 ἀεὶ
1201 1088 1442 1170 θεραπευτικῶς

276 1205 536 1287 προσφερόμενος
557 1205 610 1267 καὶ
632 1208 802 1275 ταπεινῶς’
900 1239 901 1242 “

362 1325 514 1390 Membra
544 1327 702 1390 orationis
730 1328 827 1410 quasi
858 1326 1059 1391 decussatim
1087 1329 1195 1412 posita
1222 1335 1312 1406 sunt,
1346 1351 1439 1407 nam,

278 1455 316 1512 ut
338 1447 434 1512 docet
461 1447 627 1512 sententia
649 1447 838 1526 verborum,
873 1448 1031 1516 ultimum
1054 1449 1130 1512 ἀλλὰ
1152 1450 1206 1513 καὶ
1229 1489 1242 1502 -
1265 1450 1319 1520 τὰς
1341 1451 1442 1532 ὀργάς

278 1570 339 1634 soli
368 1570 476 1654 primo
510 1569 938 1652 ἀδελφοῖς-διαφερομένους
975 1570 1170 1654 respondet;
1211 1577 1370 1655 quartum
1406 1578 1443 1636 ct

278 1693 436 1776 quintum
466 1692 537 1753 οῦτε
563 1691 765 1753 νουθετοῦσιν
788 1692 850 1753 οὔτ’
883 1691 1066 1772 ἐγκαλοῦσιν
1089 1693 1312 1757 communiter
1334 1693 1440 1757 altero

278 1821 312 1879 et
354 1813 451 1876 tertio
490 1813 610 1893 γονέων
650 1812 928 1893 ὑπερφρονοῦντας
967 1815 986 1894 ἢ
1024 1812 1105 1894 πρὸς
1145 1819 1295 1894 γυναῖκας
1332 1815 1442 1877 αὑτῶν

278 1937 496 2016 ὑπεροπτικῶς
519 1935 654 2015 ἔχοντας.
710 1932 837 1997 Iniuria
865 1932 1064 1999 adverbium
1086 1935 1313 2016 ὑπεροπτικῶς,
1347 1934 1441 2019 quod

279 2064 312 2121 et
339 2054 430 2141 apud
460 2054 542 2118 alios
571 2061 603 2119 et
633 2053 725 2139 apud
754 2055 867 2139 ipsum
899 2055 1118 2120 Plutarchum
1152 2055 1278 2140 (Pomp.
1317 2077 1342 2120 c.
1378 2056 1439 2121 LV

279 2200 328 2264 pr.
362 2176 430 2261 fin.)
469 2182 586 2254 exstat,
631 2175 666 2239 in
707 2176 933 2260 suspicionem
970 2183 1135 2241 vocarunt
1172 2176 1368 2242 Meziriacus
1407 2184 1443 2242 et

280 2298 568 2384 WyttcubachiuS,
603 2318 748 2381 quorum
781 2296 836 2362 ille
869 2299 1059 2371 ὑποπτικῶς,
1092 2298 1147 2362 hic
1176 2298 1327 2368 ὑπόπτως
1360 2298 1442 2382 (non

280 2423 475 2504 ὑπερόπτας,
499 2418 590 2503 quod
613 2419 838 2501 Hercherusll
862 2419 1028 2483 constanti
1050 2440 1159 2484 errore
1180 2426 1213 2483 et
1234 2420 1271 2483 in
1293 2426 1388 2484 textu
1408 2428 1443 2484 et

280 2545 315 2607 in
338 2541 555 2606 annotatione
578 2540 667 2624 typis
687 2539 859 2624 expressit)
878 2539 1028 2617 coniecit,
1051 2561 1160 2624 neque
1180 2542 1272 2605 enim
1291 2541 1442 2620 ‘offensio

281 2671 314 2729 et
336 2663 480 2748 suspicio
503 2662 558 2725 hic
581 2660 702 2725 subest'
715 2659 747 2743 2),
772 2659 830 2724 sed
851 2659 1035 2725 ncoulones
1058 2661 1115 2739 illi,
1146 2683 1291 2745 quorum
1313 2663 1442 2727 mentio

281 2793 340 2864 est,
373 2784 427 2851 vel
456 2789 611 2868 parentes
641 2781 695 2847 vel
724 2803 844 2846 uxores
866 2782 956 2845 fastu
978 2782 1118 2847 ridiculo
1141 2784 1249 2847 inflati
1272 2783 1442 2867 despicere

282 2915 315 2972 et
343 2906 517 2990 neglegere
548 2903 714 2968 dicuntur.
771 2903 945 2967 Hactenus
978 2905 1081 2989 igitur
1113 2904 1205 2969 locus
1239 2926 1341 2968 sanus
1375 2911 1441 2983 est3

282 3049 358 3111 quac
381 3025 502 3091 deinde
525 3031 712 3109 sequuntur
736 3026 787 3107 (οὑ
810 3026 1062 3109 γὰρ-ταπεινῶς)
1092 3025 1245 3111 exemplo
1272 3025 1444 3090 illustrant

282 3169 351 3214 non
373 3154 482 3212 totum
504 3145 704 3211 antecedens
727 3147 941 3210 enuntiatum
960 3147 1017 3212 sed
1034 3147 1269 3212 tantummodo
1286 3148 1442 3212 ultimam

282 3276 413 3355 partem
447 3267 675 3352 (ἀλλὰ-ὀργάς)
710 3268 828 3352 primo,
869 3275 907 3332 ut
950 3289 1051 3353 supra
1091 3268 1249 3346 diximus,
1289 3268 1443 3334 membro

284 3390 736 3475 (ἀδελφοῖς-διαφερομένους)
779 3390 1047 3475 respondentem.
1115 3391 1289 3455 Sententia
1328 3390 1445 3456 verbo-

282 3536 359 3578 rum
388 3514 460 3578 hacc
488 3513 557 3576 fere
585 3517 635 3576 est
667 3532 784 3595 ‘neque
814 3512 905 3576 enim
935 3513 1008 3590 scis⁷
1038 3511 1147 3596 qualis
1177 3511 1238 3590 sis;
1275 3511 1376 3578 etiam
1404 3519 1444 3576 tu

283 3637 362 3718 (non
386 3633 455 3699 sola
477 3633 589 3698 fratris
612 3632 835 3717 contumacia)
857 3633 979 3697 harum
998 3633 1148 3697 rixarum
1167 3653 1303 3697 causam
1322 3632 1445 3698 dedisti

284 3756 362 3840 (scil.
386 3755 491 3820 nimio
514 3754 704 3839 obsequiol.
762 3753 861 3830 Quod
889 3774 967 3819 cum
995 3776 1064 3820 non
1086 3754 1310 3818 intellexerint
1331 3753 1445 3818 adhuc

283 3879 480 3962 interpretes
503 3883 536 3940 et
558 3876 709 3953 editores,
733 3875 883 3961 plerique
895 3875 1111 3960 Xylandrum
1127 3876 1232 3939 secuti
1249 3875 1446 3960 simpliciter

284 4000 320 4064 in
347 3998 620 4082 interpretatione
647 4000 703 4060 καί
730 3997 899 4075 omittunt,
930 3997 1131 4073 Hercherus‚
1161 4017 1262 4080 quem
1292 3997 1446 4080 sequitur

322 4304 342 4368 ¹)
361 4305 472 4373 Derepit
490 4305 573 4358 eliam
592 4307 720 4373 exemplo
740 4322 790 4359 suo
809 4304 1025 4365 Bernardakim;
1044 4318 1069 4354 v.
1090 4307 1183 4356 annot.
1203 4304 1262 4358 eius
1281 4305 1380 4358 critica.

322 4390 343 4454 ²)
364 4393 402 4448 cf.
421 4393 623 4462 Wyttenbachii
644 4392 784 4447 animadv.
805 4393 839 4448 ad
858 4394 885 4446 h.
904 4394 921 4445 l.
