3306 5144
693 515 731 579 81

136 709 321 775 conducere
354 706 398 773 ad
431 727 502 772 rem
535 707 704 792 aliquam,
744 707 808 771 hoc
841 727 910 771 non
942 704 1043 770 modo
1076 727 1096 770 a
1128 706 1300 771 Plutarchi

135 830 295 916 loquendi
344 849 465 914 genere
514 849 651 914 prorsus
701 827 851 893 alienum
900 834 949 893 est
997 825 1099 912 (quod
1142 827 1185 893 ad
1228 849 1299 893 rem

134 932 389 1017 diiudicandum
411 951 474 1016 etsi
495 971 564 1015 non
586 969 760 1034 magnum,
794 955 908 1015 tamen
930 948 1067 1034 aliquod
1089 955 1300 1014 momentum

133 1073 257 1138 habere
291 1072 394 1158 puto),
422 1092 542 1138 verum
574 1072 676 1136 etium
705 1070 748 1136 ab
771 1093 819 1150 eo,
849 1069 940 1156 quod
967 1070 1108 1156 requirit
1134 1071 1300 1162 sententio

133 1194 304 1273 orationis,
333 1215 412 1258 cum
434 1199 641 1279 praeceptum
663 1191 747 1257 illud
769 1191 910 1258 Hesiodi
932 1213 1001 1257 non
1023 1191 1067 1257 ad
1090 1193 1210 1268 omnis
1226 1213 1300 1258 con-

132 1315 236 1381 ducat
266 1335 375 1400 neque
403 1314 484 1379 utile
515 1315 566 1393 sit,
599 1315 693 1381 velut
714 1319 801 1379 certe
824 1313 889 1378 alia
911 1313 964 1378 lex
987 1314 1095 1399 operis
1117 1313 1299 1399 quaerenda

132 1459 201 1502 non
224 1437 340 1501 minus
362 1437 400 1502 in
420 1437 471 1514 iis,
505 1457 582 1520 quae
604 1434 839 1500 tantummodo
861 1433 973 1501 indole
995 1442 1029 1500 et
1044 1435 1180 1519 ingenio
1198 1435 1300 1500 conti-

132 1565 268 1638 nentur,
296 1579 401 1642 quom
428 1556 487 1622 ubi
515 1556 625 1622 subito
653 1563 686 1621 et
713 1556 862 1621 celeriter
889 1557 977 1622 facto
1000 1578 1084 1642 opus
1107 1563 1164 1622 est.
1220 1557 1298 1623 Uno

132 1679 244 1744 littera
267 1686 397 1744 mutata
418 1699 507 1757 vera,
531 1685 569 1742 ut
586 1677 713 1763 opinor,
737 1676 903 1762 detegitur
921 1677 1132 1763 scriptura1);
1156 1677 1298 1743 scriben-

131 1800 210 1866 dum
243 1801 336 1866 enim
364 1801 427 1864 ἀλλ’
452 1801 496 1870 είς
517 1801 638 1862 ἅπαντα
660 1805 748 1872 ποιεῖ,
777 1800 908 1882 μάλιστα
932 1799 1004 1870 δἐἰς
1027 1799 1148 1894 ἀρετὴν)
1161 1801 1298 1864 ἐπίδοσιν
1394 1829 1401 1838 ·

131 1923 201 1996 κτλ,
225 1923 307 1987 1.ο.;
335 1921 402 2002 ‘sed
421 1921 494 2006 (hoc
506 1921 722 2006 praeoeptum)
741 1919 897 1985 omnibus
910 1919 1018 2000 rebus,
1041 1921 1207 2007 imprimis
1218 1941 1298 1987 vero

131 2045 251 2110 virtuti
284 2044 531 2108 incrementum
564 2040 679 2106 adfert'
712 2040 790 2125 (scil.
824 2043 865 2106 iis
897 2042 1101 2121 hominibus,
1130 2043 1189 2126 qui
1223 2064 1298 2108 eam

131 2163 341 2249 sequuntur).
396 2163 448 2228 Ita
471 2165 572 2228 etiarn
594 2163 782 2240 difficultas,
811 2184 914 2248 quarn
936 2184 1038 2248 supra
1060 2164 1096 2228 in
1118 2164 1232 2250 phrasi
1255 2167 1298 2236 εἰς

130 2287 254 2349 ἅπαντα
290 2273 374 2349 ποιεῖ
399 2286 507 2349 inesse
537 2284 644 2365 docui,
672 2284 808 2364 tollitur,
837 2305 917 2348 nam
943 2285 1018 2370 ipsa
1044 2283 1101 2350 illa
1129 2285 1297 2350 locutione

130 2407 271 2470 ἐπίδοσιν
299 2412 397 2470 ποιεῖν
419 2405 622 2472 vocabulum
645 2408 766 2469 ἅπαντα
789 2407 836 2470 ita
858 2406 1149 2485 circumscribitur,
1180 2414 1219 2471 ut
1241 2429 1296 2472 eas

131 2525 368 2592 tantummodo
395 2548 448 2592 res
471 2528 648 2606 contineat,
682 2528 719 2592 in
741 2526 864 2613 quibus
887 2527 1024 2593 omnino
1050 2528 1296 2594 incrementum

130 2649 200 2714 fieri
222 2650 338 2735 possit.
389 2650 504 2734 Ocmp.
529 2648 569 2714 de
592 2650 706 2735 phrasi
728 2649 866 2713 ἐπίδοσιν
889 2655 988 2713 ποιεῖν
1008 2649 1123 2734 Polyb.
1148 2651 1174 2728 I,
1200 2655 1250 2730 36,
1275 2655 1295 2718 2

129 2771 325 2841 Χάνδιππος
363 2771 398 2834 δὲ
436 2771 622 2855 τηλικαύτην
659 2772 796 2835 ἐπίδοσιν
834 2771 887 2834 καλ
925 2772 1029 2854 ῥοπὴν
1065 2773 1199 2855 ποιήσας
1231 2781 1295 2845 τοῖς

130 2893 366 2976 Καρχηδονίων
392 2894 568 2974 πράγμασι;
599 2891 642 2958 id.
671 2892 713 2970 Π,
738 2896 787 2971 36,
811 2895 831 2958 2
859 2893 999 2976 μεγάλην
1026 2895 1160 2976 ποιήσας
1189 2895 1293 2959 ἐπίδο-

131 3039 176 3077 σιν
210 3021 279 3084 τοῖς
307 3013 540 3096 Καρχηδονίοις
567 3016 738 3097 πράγμασι,
767 3021 927 3099 praeterea
959 3013 1017 3093 IV,
1051 3019 1101 3093 55,
1137 3019 1172 3094 3;
1206 3015 1293 3082 Plut.

131 3136 210 3201 llor.
246 3157 277 3220 p.
310 3134 402 3200 143b
431 3137 554 3198 εὔνοιαν
580 3144 627 3217 τῷ
654 3136 744 3218 ἀνδρί
771 3142 869 3200 ποιεῖν
890 3136 971 3217 πρὸς
993 3138 1121 3221 ἕαυτὴν;
1146 3159 1177 3223 p.
1202 3142 1296 3205 734a

131 3265 260 3341 ποιῆσαι
281 3259 470 3338 νοσημάτων
491 3262 611 3320 καινῶν
633 3257 757 3338 γένεσιν.

128 3545 160 3607 p.
186 3527 266 3591 77o
288 3531 378 3608 (cop.
402 3524 482 3606 IV).

216 3647 264 3716 ὡς
296 3645 355 3727 γὰρ
385 3648 404 3727 ἡ
434 3653 489 3709 τοῦ
519 3647 665 3729 καλάμου
693 3648 858 3730 βλάστησις
887 3647 991 3730 ὁρμὴν
1014 3650 1130 3731 ἔχουσα
1152 3651 1295 3735 πλείστην

134 3767 184 3828 καὶ
217 3766 382 3848 καλλίστην
414 3767 475 3858 ἀπ’Ι
502 3769 602 3850 ἀρχῆς
634 3771 677 3839 εἰς
709 3776 814 3851 μῆκος
847 3770 968 3852 ὁμαλὸν
1000 3769 1054 3832 καί
1087 3773 1222 3854 συνεχές,
1260 3774 1295 3836 τὸ

134 3894 261 3968 πρῶτον
284 3889 316 3950 ἓν
339 3888 524 3971 διαστήμασι
548 3891 695 3971 μεγάλοις
717 3891 822 3972 ὀλίγας
845 3892 1051 3973 λαμβάνουσα
1068 3895 1296 3975 προσκρούσεις

135 4010 185 4072 καὶ
225 4009 403 4082 ἀντικοπάς,
444 4009 502 4073 εἶδ’
546 4011 613 4074 οἷον
657 4013 708 4074 ὑπ’
749 4013 913 4094 ἄσθματος
951 4014 1019 4077 άνιο
1059 4014 1096 4077 δι’
1132 4016 1296 4079 ἀσθένειαν

137 4131 377 4213 ἀπαγορεύουσα
411 4131 537 4201 πολλοῖς
570 4133 718 4214 ἐνίσχεται
749 4135 803 4197 καὶ
829 4141 961 4204 πυκνοῖς
994 4143 1057 4206 τοῖς
1092 4137 1207 4217 γόνασι,
1240 4144 1295 4200 τοῦ

138 4252 312 4333 πνεύματος
332 4251 453 4335 πληγὰς
475 4253 528 4315 καί
549 4253 687 4336 τρόμους
708 4255 924 4337 λαμβάνοντος
945 4258 1008 4319 κτλ.

541 4416 683 4422 ———
696 4417 857 4422 —..-.——-.
1029 4419 1049 4423 -.
1057 4419 1270 4426 ——-—--—-—-—-

174 4497 195 4566 ¹)
218 4503 305 4557 Pravo
322 4504 493 4571 Hirschigius
511 4505 539 4558 in
559 4507 701 4573 Philologo
719 4507 742 4561 v
760 4523 786 4574 p.
806 4505 858 4559 348
877 4507 947 4562 delet
965 4509 1049 4558 ποιεῖ.

1065 4617 1082 4670 6
