3306 5144
729 442 771 505 85

165 635 304 715 propter
330 630 587 698 similitudinem
611 639 645 698 et
672 633 924 718 significationis
946 641 980 700 et
1001 635 1188 700 litterarum
1211 636 1330 702 substi-

165 752 310 818 tuebant
336 757 457 837 τρέπειν
479 760 513 819 et
533 756 648 838 τροπή.
676 754 769 821 velut
790 755 891 840 paulo
913 777 1016 841 supra
1037 756 1079 842 (p.
1103 756 1179 841 771)
1201 757 1331 824 codices

162 875 338 958 λογισμοὺς
374 877 543 959 τρέποντας
580 875 676 940 αὐτὸν
714 878 777 941 κτλ.
811 876 972 962 praebent‚
1013 878 1133 943 Iunius
1144 877 1167 963 1)
1199 881 1330 964 egregie

163 998 338 1080 λογισμοὺς
349 999 539 1081 στρέφοντας
553 996 680 1081 αὐτὸνλ)
697 998 760 1062 κτλ.
775 999 925 1076 coniecit,
944 1019 1049 1084 quam
1060 999 1330 1066 emendationem

163 1119 394 1184 Bernardakis
434 1139 503 1183 non
543 1119 657 1183 minus
696 1139 800 1203 quam
833 1119 1034 1184 Duebnerus
1074 1127 1109 1185 et
1140 1121 1331 1187 Hercherus

162 1241 293 1306 iniuria
313 1240 585 1330 repudiaverunt.
641 1239 770 1306 Verum
792 1261 831 1305 eo
853 1241 1039 1319 redeamus,
1074 1241 1165 1306 unde
1192 1243 1332 1328 profecti

163 1383 302 1426 sumus:
325 1362 423 1446 fingit
440 1362 580 1447 scriptor
591 1362 770 1445 έξαρνήσεις
787 1361 842 1446 (an
854 1362 937 1446 quid
948 1362 1051 1447 aliud)
1062 1363 1115 1426 καὶ
1127 1364 1333 1447 ἀνακρούσεις

161 1484 291 1549 mentis
329 1482 507 1568 paululum
547 1483 644 1568 quasi
682 1503 815 1548 aversas
851 1484 1017 1568 impetum
1049 1483 1230 1549 libidinum
1262 1507 1332 1550 non

162 1605 320 1674 sensisse.
365 1603 486 1668 deinde
526 1603 673 1690 periculo
712 1603 945 1671 animadverso
984 1605 1132 1670 celeriter
1165 1613 1332 1693 tanquam

162 1723 389 1809 conversas³)
401 1725 516 1790 adesse
528 1724 572 1790 ad
582 1726 749 1811 impetum
760 1726 1043 1811 propuisandum;
1058 1748 1165 1812 comp.
1174 1727 1329 1813 Xenoph.

161 1848 205 1913 de
236 1869 274 1912 re
296 1853 421 1931 equest.
446 1847 520 1924 VH,
546 1851 599 1914 17:
633 1849 758 1912 ἐπειδάν
786 1873 820 1930 γε
846 1848 912 1932 μὴν
940 1850 975 1912 εἰι
997 1855 1052 1932 τῆς
1073 1856 1213 1932 στροφῆς
1233 1851 1277 1922 εἰς
1296 1850 1331 1914 τὸ

160 1970 266 2040 εὐθὺς
293 1970 392 2052 βλέπῃ
423 1969 442 2032 ὁ
468 1971 572 2042 ἵππος,
596 1970 753 2052 ἐντούτῳ
774 1969 856 2052 πρὸς
877 1969 912 2032 τὸ
934 1971 1050 2035 θᾶττον
1072 1971 1168 2035 αὐτὸν
1190 1972 1331 2054 ὁρμᾶται,

155 2224 193 2288 ρ.
222 2200 301 2268 78ό
323 2201 412 2286 (ευρ.
444 2201 516 2283 VI).

253 2372 261 2384 .
285 2372 291 2386 .
316 2372 322 2384 .
345 2323 383 2385 οὐ
413 2323 536 2404 φαῦλον
564 2322 603 2384 ἄν
631 2345 657 2384 τι
678 2328 846 2404 προκοπῆς
868 2323 914 2405 εἴη
937 2329 1066 2405 σημεῖον
1088 2325 1108 2406 ἡ
1130 2322 1212 2407 πρὸς
1233 2329 1328 2388 ταῦτα

159 2444 310 2528 πραότης
331 2445 463 2507 ἑκάστου
485 2443 548 2506 κτλ.

255 2567 388 2629 ἑκάστου
413 2563 511 2631 valde
540 2563 641 2648 higet
667 2570 700 2628 et
726 2563 905 2628 molestum
935 2572 985 2630 est
1011 2565 1075 2644 hie,
1104 2565 1164 2630 ubi
1192 2588 1262 2632 non
1289 2567 1332 2632 de

161 2686 312 2772 singulis
332 2679 527 2750 hominibu's
549 2684 608 2750 sed
630 2685 785 2750 universe
808 2684 849 2749 de
871 2685 967 2770 signo
989 2686 1138 2771 quodam
1155 2694 1189 2752 et
1205 2687 1330 2753 indicio

161 2810 338 2896 profectus
371 2807 476 2872 animi
509 2807 545 2871 in
578 2806 703 2874 virtute
734 2805 854 2890 agitur.
917 2807 1081 2874 Praeterea
1120 2830 1189 2874 non
1222 2810 1331 2874 omnis

160 2930 317 2996 hominis
345 2935 395 2994 esi
423 2927 581 3012 (ἑκάστου)
612 2933 746 2994 tantum
772 2927 809 2992 in
837 2927 962 2994 virtute
990 2930 1158 3014 proficere,
1193 2937 1232 2996 ut
1260 2931 1332 2996 eius

162 3051 263 3118 modi
290 3050 482 3116 temerarias
508 3049 695 3114 amicornm
716 3048 961 3115 admonitiones
984 3071 1081 3136 aequo
1103 3053 1217 3117 animo
1237 3052 1331 3118 ierat.

162 3175 288 3258 ltaque
321 3178 403 3258 puto
433 3169 647 3236 scribendum
677 3191 747 3235 esse
775 3171 920 3235 indevote
949 3172 1066 3260 (comp.
1095 3173 1183 3240 Plut.
1213 3173 1329 3238 Morni.

162 3318 195 3381 p.
221 3293 342 3378 9530);
376 3293 417 3358 de
445 3291 688 3359 vocabulorum
709 3290 825 3356 ordine
848 3292 888 3356 ci.
912 3292 1024 3360 Madv.
1049 3294 1142 3380 Synt.
1168 3294 1223 3360 Gr.
1247 3293 1269 3379 ξ
1293 3298 1332 3362 10

163 3438 247 3482 ann.
271 3421 292 3482 6
313 3437 345 3502 p.
376 3415 432 3480 fin.
462 3421 495 3478 et
521 3413 623 3478 huius
645 3412 748 3478 libelli
770 3433 841 3497 cap.
865 3413 931 3482 VH
953 3411 994 3500 (p,
1020 3415 1119 3500 79b);
1148 3416 1204 3499 τὴν
1226 3416 1331 3498 ἀληθῆ
1459 3449 1463 3458 .

163 3537 338 3621 προκοπὴν
359 3537 548 3620 προκόπτειν
569 3535 623 3600 καὶ
645 3536 807 3616 ἄτυφον.

159 3791 197 3855 p.
225 3770 304 3836 79a
325 3768 414 3853 (cap.
443 3767 536 3854 VII).

254 3891 339 3954 οὕτω
363 3889 402 3972 δὴ
427 3895 491 3953 τῶν
512 3888 576 3955 ὑπὸ
598 3888 774 3958 Πλάτωνος
796 3889 857 3971 ἔφη
880 3890 961 3960 νέοις
983 3887 1070 3953 οὖσιν
1092 3890 1133 3952 ἔτι
1155 3890 1332 3974 λεχθέντων

165 4011 259 4094 μόλις
281 4011 343 4093 ὀψὲ
363 4010 436 4082 τοὺς
456 4010 592 4082 πολλοὺς
613 4011 820 4074 αἰσθάνεσθαι
843 4011 992 4092 γέροντας
1014 4012 1211 4093 γενομένους,

205 4247 228 4313 ¹)
245 4251 305 4307 Vid.
325 4251 359 4306 de
377 4267 409 4306 οο
428 4249 504 4318 praef.
523 4250 564 4305 ed·
583 4249 785 4319 Wyttenbachii
803 4265 830 4317 p.
850 4248 909 4303 149.

205 4334 229 4400 ²)
247 4340 266 4393 1.
286 4355 308 4393 e.
328 4355 400 4401 ‘eum
419 4336 572 4406 agitantes&
985 4400 988 4405 ,

207 4422 229 4488 ³)
248 4427 351 4481 Danice
369 4427 491 4493 ‘ligesom
509 4424 577 4480 efter
596 4430 624 4480 at
641 4425 715 4479 have
734 4423 819 4492 drejet
837 4425 879 4493 sig
896 4423 961 4480 σοι’.

1353 4647 1597 5114 Γ
