3306 5144
912 481 954 545 98

291 692 292 696 ¹
355 671 476 737 Credat
503 671 642 738 fortasse
670 673 755 757 quis,
788 672 951 739 librorum
980 673 1180 758 scripturam
1208 679 1296 738 recte
1324 692 1358 736 se
1379 670 1509 749 habere,

353 813 434 857 nam
461 794 494 858 ἐν
522 801 627 877 καιρῷ
655 815 904 878 nonnunquam
931 793 1023 881 apud
1043 793 1263 858 Plutarchum
1290 791 1381 858 idem
1403 791 1511 859 valere

353 921 454 999 atque
475 917 551 979 ιιοιέ
572 915 623 999 (=
635 915 836 1000 aliquando),
860 915 1031 980 contendit
1047 914 1327 1000 Wyttenbaohius
1349 915 1385 978 in
1407 913 1511 980 lexico
1620 987 1621 1000 χ

353 1056 414 1100 suo
437 1035 568 1102 duobus
590 1036 670 1102 locis
691 1037 806 1115 fretus,
835 1036 893 1102 sed
919 1037 1042 1102 horum
1068 1035 1160 1114 alter,
1189 1035 1304 1101 Moral.
1328 1057 1359 1121 p.
1385 1036 1511 1103 leaf-

355 1160 415 1224 133
427 1178 455 1236 a,
476 1157 536 1223 ubi
552 1159 588 1223 in
601 1157 770 1224 codicibus
782 1163 906 1223 exstat:
930 1159 1098 1242 φιλόλογον
1110 1158 1240 1240 δ’ἄνδρα
1252 1156 1307 1221 καὶ
1318 1157 1513 1240 φιλόμουσον

352 1280 386 1342 ἐν
407 1288 511 1363 καιρῷ
534 1281 685 1362 δεόμενον
705 1279 902 1363 βραδυτέρου
926 1280 1052 1344 δείπνου
1075 1280 1259 1363 διάγραμμα
1281 1279 1513 1362 παρακείμενον

353 1450 358 1462 .
383 1450 389 1462 .
413 1450 420 1463 .
443 1402 482 1465 οὐ
497 1403 654 1484 προίενται
669 1408 707 1485 τῇ
724 1401 830 1484 χασιρλ
848 1401 1103 1484 λεηλατούμενον,
1126 1399 1297 1484 aptissime
1314 1399 1511 1465 emendatus

352 1528 402 1586 est
422 1543 443 1586 a
465 1522 641 1588 Meziriaco
664 1521 828 1588 scribente
851 1523 884 1586 ἒν
905 1530 1009 1605 καιρῷ
1031 1522 1182 1604 δεομένῳ,
1213 1520 1305 1605 qued
1333 1521 1512 1586 manifesto

351 1643 525 1708 sententiae
546 1643 666 1708 melius
689 1645 855 1722 convenit,
885 1643 968 1708 alter
990 1642 1079 1727 (ibid.
1102 1665 1134 1728 p.
1160 1646 1219 1709 135
1231 1641 1262 1726 a)
1284 1663 1421 1727 prorsus
1443 1663 1511 1706 non

350 1765 417 1829 huc
450 1764 602 1850 pertinet.
657 1765 770 1843 Perre,
804 1766 832 1830 si
865 1765 920 1830 cui
951 1765 989 1830 in
1021 1770 1170 1829 mentem
1198 1763 1337 1842 venerit,
1370 1763 1512 1828 sonasse

289 1973 293 1982 ι
351 1884 444 1950 codd.
468 1885 686 1970 Mosquenses
708 1907 828 1951 verum
856 1885 1003 1972 praebere
1026 1891 1059 1951 et
1080 1885 1273 1968 παρασχόντι
1295 1883 1510 1950 scribendum

350 2027 430 2085 esse,
459 2027 501 2071 ne
530 2007 594 2072 hoc
623 2007 760 2092 quidem
788 2008 860 2073 fieri
887 2013 1004 2093 potest,
1032 2012 1167 2073 vetante
1188 2006 1294 2079 hiatu.
1350 2005 1438 2070 Cum
1459 2005 1512 2069 his

350 2127 602 2194 difficultatibus
624 2150 802 2215 oppressus
820 2136 958 2207 tenerer,
982 2126 1119 2192 tandem
1138 2126 1329 2212 aliquando,
1353 2125 1512 2192 omnibus
1620 2163 1621 2200 ;

349 2251 418 2315 iam
451 2250 644 2335 diligentius
677 2250 904 2328 consideratis,
944 2249 1054 2315 subito
1087 2249 1240 2326 occurrit,
1275 2254 1308 2313 et
1340 2247 1511 2332 quomodo
1620 2285 1621 2288 =

350 2371 537 2457 corruptela
559 2379 632 2436 orta
655 2379 741 2437 esset
763 2379 795 2438 et
817 2393 885 2456 qua
907 2371 1035 2436 ratione
1058 2370 1169 2435 sanari
1190 2376 1310 2455 posset.
1355 2368 1446 2434 Nam
1469 2368 1512 2433 ad
1620 2415 1621 2446 3

349 2494 563 2579 participium
596 2493 821 2576 παρασχόντος,
863 2492 955 2578 quod
987 2476 1195 2577 appositione
1228 2490 1429 2555 adiunctum
1463 2496 1513 2555 est

349 2614 559 2680 antecedenti
592 2615 721 2698 ἐχθροῦ,
760 2613 897 2680 auditur
936 2634 978 2678 ex
1011 2612 1237 2698 superioribus
1271 2613 1425 2695 τιμωρίαν
1458 2611 1512 2676 vel

349 2737 459 2822 potius
482 2736 592 2800 ἑαυτόν
601 2735 625 2820 1)
655 2735 732 2818 (scil.
756 2726 970 2820 τιμωρεῖσθαι)
992 2735 1013 2799 i.
1038 2755 1080 2800 e.:
1112 2733 1223 2799 oblata
1246 2733 1419 2799 occasione
1443 2731 1514 2816 (scil

348 2857 549 2943 ulciscendi).
595 2856 695 2932 Quod
729 2877 807 2922 cum
840 2856 955 2922 lectori
987 2855 1088 2921 alicui
1120 2854 1301 2921 obscurum
1330 2853 1512 2931 videretur,

236 3020 238 3023 -
347 2977 431 3042 illud
459 2980 492 3042 ἐν
520 2986 633 3061 καιρῷ,
662 2979 682 3043 i.
711 2999 738 3043 e.
775 2978 946 3043 occasione
976 2976 1088 3042 oblata
1119 2977 1170 3062 (ci.
1205 2976 1291 3040 Plut.
1325 2974 1442 3040 Moral.
1478 2997 1509 3060 p.

348 3103 407 3165 act
422 3098 449 3183 e)
488 3099 666 3185 adscripsit
703 3100 740 3163 in
773 3100 934 3184 margine,
975 3099 1065 3164 unde
1105 3104 1220 3184 postea
1252 3097 1290 3161 in
1324 3095 1512 3162 orationem

286 3283 298 3321 7,
347 3220 473 3284 librarii
495 3241 603 3285 errore
626 3220 827 3286 translatum
850 3227 907 3286 est.
960 3219 1182 3286 Scribendum
1204 3219 1308 3303 igitur
1329 3218 1451 3301 ἐχθροῦ
1476 3217 1510 3280 δὲ

295 3330 297 3339 ’
347 3344 400 3405 καὶ
426 3341 461 3405 τὸ
488 3344 640 3425 τιμωρίαν
668 3343 868 3424 παραλείπειν
877 3340 899 3426 ²)
930 3330 978 3426 [ἕν’
992 3339 1104 3426 καιρῷ]
1133 3339 1352 3424 παροοχόνιος
1378 3339 1511 3409 ἐπιεικές

225 3465 227 3470 ’
301 3450 306 3458 ’
346 3466 415 3527 ἐστι.
460 3463 666 3547 Quanquam
688 3463 759 3528 eius
781 3461 875 3527 modi
891 3462 1127 3528 additamentis
1144 3483 1214 3526 non
1233 3465 1361 3526 scatent
1377 3458 1509 3524 codices

346 3585 506 3650 librorum
536 3584 724 3662 moralium,
758 3589 873 3648 tamen
901 3606 971 3649 non
1003 3582 1186 3648 admodum
1214 3603 1297 3659 raro,
1327 3588 1510 3700 oopurrunt

347 3707 385 3770 ci.
421 3728 497 3770 ann.
532 3727 616 3771 meae
652 3705 695 3770 ad
725 3654 871 3803 pilil'b,
904 3727 935 3790 p.
950 3649 1006 3770 54²3
1018 3703 1050 3784 b,
1084 3727 1114 3788 p.
1148 3653 1316 3788 illitup.
1370 3654 1383 3703 l
1421 3701 1508 3779 c—i,

346 3850 376 3912 p.
402 3785 496 3906 llll,
525 3827 719 3912 Hercherit)
742 3807 840 3912 edsp.
865 3830 963 3905 1100,
992 3825 1154 3910 exempla,
1185 3845 1260 3908 quae
1283 3825 1319 3888 in
1342 3823 1507 3887 Mnemos

345 3948 385 4014 N.
410 3949 441 4014 S.
465 3948 481 4012 Ι
503 3970 534 4032 p.
558 3952 620 4015 363
643 3948 775 4034 collegit
795 3947 947 4014 Cobetus.

381 4201 401 4263 ¹)
421 4201 479 4257 vid.
503 4199 643 4254 animadv.
667 4200 870 4268 Wyttenbachii
894 4201 931 4255 ad
954 4201 1021 4254 Plut.
1046 4199 1113 4252 Mor.
1139 4213 1164 4264 p.
1191 4195 1251 4252 ota
1280 4198 1388 4265 locique
1411 4197 1447 4252 ab
1473 4213 1507 4250 eo

423 4289 538 4344 laudati.

382 4375 402 4442 ²)
420 4379 558 4432 Hactenus
577 4375 706 4429 Hercheri
726 4375 885 4430 correctioni
905 4374 1049 4431 assentior.

381 4462 401 4527 3)
420 4467 510 4520 Herm.
531 4466 565 4520 Xl
584 4481 610 4532 p.
630 4461 688 4515 229.
