3282 5146
687 468 727 531 37

128 658 276 724 ambitus
307 659 389 725 vitio
418 658 568 724 laborare
596 658 773 736 crederem,
803 655 885 724 nam
912 665 998 724 certe
1020 658 1200 723 Plutarcho
1221 679 1291 722 non

128 781 165 844 in
193 787 341 845 mentem
368 781 470 858 venit,
501 781 640 846 iuvenes
669 779 712 844 ad
742 779 940 865 spectandas
968 780 1132 864 imagines
1154 777 1292 844 absurdi

129 901 321 986 argumenti
350 901 516 987 imprimis
545 901 813 966 assuefaciendos
843 922 913 966 esse
945 902 990 986 (ἒν
1020 901 1066 972 οἷς
1091 901 1223 983 μάλιστα
1246 900 1295 962 θεῖ

129 1023 183 1087 τὸν
205 1025 277 1090 νέον
299 1022 482 1105 ἐθίζεσθαι),
506 1043 567 1087 nec
584 1029 699 1087 tamen
716 1022 808 1086 aliud
826 1043 868 1086 ex
883 1023 936 1087 his
953 1021 1064 1089 verbis
1082 1021 1156 1086 elici
1172 1025 1289 1106 potest.

130 1145 241 1209 Causa
270 1143 465 1228 corruptelae
493 1143 558 1221 hic,
589 1149 628 1207 ut
656 1163 743 1228 saepe
766 1142 856 1221 alibi,
885 1143 1006 1208 lacuna
1028 1149 1093 1222 est;
1127 1141 1293 1207 sententia

131 1286 257 1342 eorum,
281 1285 357 1348 quae
373 1263 578 1342 exciderunt,
601 1264 698 1329 facile
715 1271 854 1349 apparet
870 1285 912 1328 ex
928 1265 978 1342 iis,
1002 1285 1077 1348 quae
1092 1263 1193 1348 paulo
1204 1263 1293 1326 inira

131 1392 334 1470 sequuntur;
357 1384 406 1448 ibi
422 1385 513 1449 eninr
530 1386 718 1470 exponitur,
742 1386 907 1450 rationem
923 1385 1032 1470 poesis
1055 1384 1202 1452 condem
1223 1384 1292 1448 fere

132 1528 203 1571 csse
221 1527 259 1572 ac
274 1507 431 1592 picturae,
450 1513 488 1570 ut
504 1506 606 1571 lector
623 1506 818 1571 adulescens
837 1507 874 1571 in
891 1528 1036 1592 pravum
1055 1510 1293 1590 argumentum

132 1627 283 1692 incidens
306 1633 375 1692 arto
395 1628 573 1712 scriptoris,
597 1628 625 1692 si
643 1634 786 1712 quaest,
810 1627 967 1693 delectari
984 1627 1111 1706 debeat,
1134 1645 1204 1690 non
1220 1625 1294 1710 ipsa

132 1770 167 1814 re
199 1749 276 1832 (ἐπεὶ
304 1751 407 1812 τοίνυν
436 1749 489 1812 καὶ
518 1750 661 1833 ποιητικὴ
691 1750 841 1820 πολλάκις
867 1749 953 1832 κτλ).
996 1749 1115 1834 ltaque
1145 1747 1295 1832 suspicor

133 1877 209 1955 post
225 1871 385 1944 ἐθίζεσθαι
401 1870 607 1935 intercidisse
624 1870 761 1954 aliquid,
783 1869 874 1954 quod
889 1871 954 1935 hoc
966 1869 1184 1962 significabat,
1201 1868 1295 1936 velut
1313 1890 1362 2054 ί

134 1993 308 2074 διακρίνειν,
338 1999 377 2056 ut
406 2012 445 2056 ea
472 2012 548 2074 quae
569 1991 659 2055 infra
680 1991 868 2056 accuratius
896 1993 1046 2076 exposita
1073 1998 1153 2056 sunt
1180 1995 1294 2054 nostro

132 2113 205 2178 loco
221 2133 289 2176 uno
304 2111 406 2179 verbo
422 2110 798 2197 comprehenderentur;
818 2113 866 2177 ita
877 2113 979 2178 etiam
990 2112 1121 2178 facilius
1134 2097 1293 2197 explicari

133 2240 251 2318 potest,
275 2233 444 2316 quomodo
468 2240 540 2297 orta
562 2233 605 2297 sit
626 2233 756 2312 lacuna,
780 2255 860 2298 nam
883 2255 961 2298 cum
984 2233 1050 2299 duo
1072 2231 1236 2299 vocabula
1250 2231 1293 2296 ab

133 2354 253 2419 iisdem
281 2353 399 2418 litteris
427 2354 623 2439 incipientia
646 2353 802 2439 deinceps
824 2355 933 2439 posita
955 2361 1059 2433 erant,
1089 2375 1176 2438 saepe
1198 2351 1295 2417 libra-

133 2476 260 2540 riorum
283 2474 380 2553 oculi,
403 2475 512 2560 priore
535 2475 667 2554 omisso,
691 2475 735 2539 ad
756 2477 921 2560 posterius
944 2475 1192 2541 aberraverunt.

133 2750 166 2814 ρ.
193 2729 273 2796 aec
295 2729 383 2813 (cop.
407 2728 490 2811 IV).

219 2851 251 2912 αἱ
286 2849 319 2912 δὲ
353 2855 417 2912 τῶν
450 2854 590 2932 ποιητῶν
624 2850 861 2920 ὑπεναντιώσεις
894 2849 975 2932 πρὸς
1011 2849 1125 2919 αὐτοὺς
1161 2850 1293 2912 ἀντανα-

134 2971 287 3052 φέρουσαι
313 2969 370 3052 τὴν
395 2972 494 3034 πίστιν
516 2971 575 3034 οὐκ
598 2971 691 3034 ἐῶσιν
712 2971 843 3053 ἰσχυρὰν
865 2970 968 3053 ῥοπὴν
993 2971 1136 3052 γενέσθαι
1157 2968 1239 3052 πρὸς
1259 2968 1294 3032 τὸ

135 3090 280 3172 βλάπτον.
304 3092 385 3153 ὅπου
403 3091 463 3172 μὲν
485 3089 543 3154 οὖν
565 3091 669 3161 αὐτοῖς
689 3091 724 3155 τὸ
746 3092 864 3155 τιθέναι
886 3093 1036 3173 σύνεγγυς
1057 3093 1203 3174 ἐκφανεῖς
1223 3114 1294 3154 ποι-

139 3217 168 3274 εῖ
185 3187 240 3281 τοὶς
262 3203 441 3293 ᾶντιλογίαξ,
464 3213 513 3274 θεῖ
530 3219 576 3294 τῴ
596 3212 726 3295 βελτίονι
748 3220 931 3297 συνηγορεῖν
952 3214 1015 3277 κτλ.

219 3331 411 3397 infinitivus
444 3333 562 3399 activae
593 3333 709 3397 formae
743 3339 776 3398 et
807 3334 981 3418 praesentis
1017 3333 1176 3418 temporis
1212 3333 1292 3396 hinc

134 3452 358 3517 alienissimus
388 3459 451 3532 est;
488 3453 516 3518 si
545 3473 625 3520 vera
654 3460 704 3518 est
731 3454 855 3519 tradita
883 3457 1063 3540 scriptura,
1093 3454 1165 3518 haec
1192 3451 1296 3520 verba

134 3595 203 3639 non
230 3573 326 3638 aliter
352 3573 501 3658 intellegi
522 3580 663 3659 possunt
684 3595 788 3658 quam
809 3575 873 3641 hoc
894 3575 1011 3640 modo:
1054 3574 1131 3639 »ubi
1151 3574 1295 3638 alterum

134 3695 228 3760 alteri
250 3716 418 3780 apponere
441 3694 710 3760 adulescentibus
734 3695 863 3780 (αὐτοῖς)
894 3695 1048 3774 ostendit,
1082 3715 1180 3762 voces
1209 3695 1296 3759 inter

135 3837 169 3881 se
209 3837 396 3901 repugnare
436 3823 535 3896 cet.<‹;
577 3815 635 3881 sed
675 3837 743 3901 quo
782 3817 896 3881 minus
935 3817 1024 3882 hanc
1064 3815 1296 3900 amplexemur

136 3937 345 4017 sententiam,
364 3937 528 4023 apodosin
546 3938 676 4004 officere
687 3944 836 4023 apparet,
855 3939 996 4023 requirit
1007 3938 1098 4003 enim
1109 3937 1295 4018 necessario

135 4058 342 4126 infinitivum
363 4060 537 4144 passivum
559 4066 592 4123 et
613 4059 773 4144 praeteriti
794 4061 962 4145 temporis,
986 4060 1146 4144 quoniam
1165 4057 1295 4122 nonde

137 4181 310 4245 contrariis
344 4187 431 4246 recte
467 4178 707 4266 componendis
739 4181 781 4244 iis
814 4181 991 4246 consilium
1025 4180 1132 4258 datur,
1167 4179 1227 4262 qui
1259 4178 1296 4244 in
1378 4201 1379 4205 ¹

130 4306 312 4385 posterum
326 4322 441 4366 versus
456 4303 589 4381 facient,
608 4301 666 4366 sed
686 4300 726 4365 de
744 4323 782 4366 eo
794 4303 912 4388 agitur,
925 4302 1097 4388 quodiam
1109 4299 1295 4384 complures

136 4423 171 4486 in
194 4422 398 4488 carminibus
420 4423 607 4507 pangendis
628 4423 788 4488 iecerunt.
838 4423 1059 4490 Scribendum
1073 4422 1189 4506 igitur:
1213 4422 1295 4484 ὅπου
