3306 5144
682 452 740 514 1οῘ

16 659 17 690 t
131 643 311 721 inutilium,
345 663 450 728 quam
478 643 662 708 certissima
684 642 871 728 corruptela
893 643 1060 720 conflavit,
1094 665 1289 710 enumerare

16 777 18 854 ᾗ
131 765 338 850 supersedeo,
372 766 558 850 praesertim
587 785 666 830 curn
693 763 859 849 pleraeque
887 765 955 828 iam
988 763 1030 830 ab
1061 765 1225 832 Huttenio
1258 775 1291 832 et

132 886 391 972 Wyttenbachio
414 885 591 971 diligenter
612 885 757 950 collectae
779 885 854 950 sint.
910 885 1160 953 Tantummodo
1182 908 1290 954 receu-

129 1013 228 1075 tiores
252 1015 391 1074 conatus
402 1007 589 1091 Pflugkii¹t
608 1006 771 1092 Madvigii
780 1007 813 1090 ²),
833 1007 1014 1092 stuppas),
1027 1008 1290 1094 Bernardakisd,

129 1153 223 1217 aeque
241 1137 280 1195 ut
296 1130 416 1216 opinor
433 1127 669 1214 improbabiles
686 1127 831 1195 breviter
847 1129 1124 1196 commemorabo.
1167 1130 1291 1197 Omnes

127 1279 158 1317 τε
187 1253 377 1337 genuinum
409 1271 479 1317 esse
512 1247 742 1333 mendumque
776 1251 812 1314 in
841 1251 1039 1335 pronomine
1071 1257 1165 1335 σφῶν
1191 1252 1292 1318 latere

128 1374 281 1452 credunt,
325 1371 416 1457 quod
448 1370 623 1456 Pflugkius
662 1371 699 1435 in
732 1373 866 1455 colpam,
899 1371 1090 1458 Madvigius
1122 1374 1159 1438 in
1191 1375 1291 1458 πόνῳ,

129 1495 302 1580 Sauppius
323 1495 360 1558 in
382 1495 477 1576 ἔργῳ,
501 1491 725 1558 Bernardakis
746 1493 783 1557 in
805 1495 880 1576 ἐρίῳ
901 1493 1105 1560 mutandum
1127 1516 1197 1561 esse
1220 1517 1293 1562 cen·

126 1625 210 1682 sant.
267 1614 435 1700 Equidem
462 1615 570 1689 credo,
604 1615 779 1679 Reiskium
808 1622 896 1680 recta
918 1614 1074 1681 lacunam
1097 1617 1290 1702 signavisse,

126 1738 405 1824 supplementum
434 1737 506 1802 eius
536 1742 629 1819 σφᾶνν
657 1737 865 1820 διαφέροντες,
898 1737 927 1800 τί
954 1738 1041 1811 ἐστιν,
1074 1736 1231 1821 ῴαῦτῶν
1253 1741 1291 1804 οὐ

125 1861 298 1944 χρώμεόοι
330 1865 466 1944 propter
497 1858 719 1923 temeritatem
752 1856 892 1943 probare
925 1879 1064 1944 nequeo.
1138 1860 1291 1926 Fortasse

124 1981 324 2066 interposito
359 1986 435 2066 post
458 1979 674 2062 Ἀναξαγόραν
702 1978 860 2045 adverbio
891 1981 1105 2063 διαφερόντως
1133 1981 1291 2047 facillima

112 2104 178 2169 ·vel
207 2123 313 2188 prope
342 2101 436 2166 nulla
464 2101 666 2166 correctione
695 2099 846 2166 adhibita
875 2101 1089 2167 scribendum
1118 2104 1172 2167 nol
1199 2105 1289 2188 τέχνη

124 2228 190 2288 κατ’
218 2224 436 2305 Ἀναξαγόραν
445 2222 469 2305 ⁵)
510 2223 757 2304 »ὄιοφερόντωςι
794 2229 887 2306 σφῶν
919 2226 1046 2288 πάντων
1076 2223 1290 2308 (ΠΑΝΤΩΝ,

127 2348 200 2410 TIA
208 2344 346 2428 ῩΤΩΝ)
374 2345 540 2428 χρώμόο.
584 2349 685 2426 σφῶν,
714 2365 782 2409 non
811 2345 916 2409 αὐτῶν
937 2345 1085 2430 positum
1107 2353 1165 2424 est,
1199 2345 1290 2431 quod

124 2467 332 2534 Plutarchus
354 2466 564 2550 Anaxagorae
586 2463 689 2531 verba
711 2465 798 2530 citat.
1341 2451 1349 2472 “

212 2589 368 2654 Gertzius
389 2589 502 2670 νόσφιν
521 2589 627 2650 αὐτῶν
645 2587 806 2672 scriptum
823 2588 926 2654 fuisse
945 2588 1149 2674 suspicatum
1173 2587 1290 2654 eadem

123 2712 320 2777 coniectura
357 2709 442 2773 mihi
479 2728 614 2793 quoque
651 2709 687 2772 in
728 2717 876 2775 mentem
916 2710 1017 2788 venit,
1056 2709 1118 2774 ¹sed
1157 2709 1289 2775 nullum

124 2831 323 2917 exemplum
345 2833 417 2896 eius
440 2829 533 2895 modi
556 2850 635 2894 usus
658 2829 752 2895 verbi
774 2831 885 2914 νόσφιν
907 2831 1058 2898 invenire
1080 2831 1183 2917 potui.

117 3179 152 3242 p.
178 3158 257 3224 990
278 3157 365 3241 (cop.
389 3155 413 3221 I
418 3156 470 3237 V).

210 3277 265 3340 καὶ
284 3277 344 3360 γὰρ
362 3283 417 3360 τῆς
428 3280 616 3360 φρονήσεως
626 3277 723 3360 μόρια
734 3277 787 3340 καὶ
799 3279 964 3360 σπάσματα
976 3278 1075 3361 μικρὰ
1087 3279 1290 3361 θραυομένης

122 3400 177 3462 καὶ
200 3400 551 3481 κατακερματιζομένης
573 3401 616 3469 εἰς
636 3400 735 3472 τάξεις
756 3400 929 3482 κεχώρηκε.

125 3609 229 3616 --

160 3735 181 3799 ¹)
203 3736 243 3792 Cf.
264 3735 378 3791 Schedae
397 3736 496 3791 criticae
515 3737 544 3790 in
563 3737 696 3792 Zeitschr.
715 3736 732 3790 f.
752 3737 776 3791 d.
796 3737 1000 3793 Alterthumsw.
1021 3736 1089 3794 1848
1108 3755 1134 3808 p.
1154 3737 1212 3794 889.

159 3822 181 3887 ’)
202 3825 244 3880 Cf.
263 3824 376 3879 Advers.
395 3825 452 3878 crit.
472 3825 483 3878 Ι
502 3841 527 3892 p.
546 3823 607 3878 620.

160 3909 182 3975 ³)
202 3912 345 3966 Emendat.
365 3913 543 3967 Plutarcheae.
562 3913 620 3967 lnd.
639 3912 807 3968 schol.G0tt.
819 3911 898 3978 185&
917 3915 1009 3982 ipsum
1027 3914 1129 3972 librum
1149 3933 1204 3973 uon
1223 3918 1288 3976 vidi.

202 3999 237 4054 cf.
257 4000 376 4054 Bursian
396 4001 617 4057 Jahresberichte
635 3999 670 4054 30
688 4017 714 4069 ρ.
733 3999 792 4054 283.

157 4085 181 4150 ⁴)
199 4087 260 4143 Vid.
280 4088 361 4143 editio
380 4090 448 4144 eius.

16 4211 18 4260 η
161 4173 182 4236 ⁸)
203 4177 403 4243 Anaxagoram
432 4177 568 4233 animalia
595 4177 701 4231 ratione
728 4176 850 4244 quadam
879 4177 917 4232 uti
942 4177 1118 4236 existimasse
1141 4179 1287 4238 ostendunt

16 4279 18 4364 η
203 4264 291 4319 verba
308 4265 463 4321 Aristotelis
483 4265 516 4320 de
535 4271 605 4334 part.
626 4265 711 4320 anim.
736 4263 780 4331 IV,
807 4263 840 4318 lo
859 4264 949 4326 (6872
969 4265 1010 4330 i):
1036 4257 1214 4334 Ἀναξαγόραι·
1234 4263 1285 4342 plu·

201 4340 249 4400 οἶν
275 4357 336 4418 argei
362 4345 405 4400 dccl
437 4347 467 4401 τό
491 4356 581 4416 χεῖρας
606 4344 677 4414 ἔχειν
701 4349 961 4419 φρονιμώτατον
989 4349 1078 4404 εἶναι
1108 4349 1170 4404 ridi*
1197 4349 1285 4416 ζιόνιν

16 4427 17 4490 l
201 4429 360 4502 ι’ἱιθροιπον.
