3282 5146
781 413 939 519 9'

209 647 453 734 probabilitatis
475 644 624 731 quadam
645 647 756 731 specie
779 645 1044 734 commendatur.¹
1079 645 1144 712 Sed
1162 647 1237 731 quis
1257 648 1373 726 nescit,

207 769 272 834 hoc
301 789 371 834 non
394 767 474 833 satis
497 767 591 832 esso?
633 767 676 831 In
706 767 809 832 altera
832 766 915 832 illud
939 767 1108 852 praecipue
1133 768 1245 846 miror,
1275 769 1375 834 inter·
1410 827 1411 832 ,

209 872 402 977 polatorem,
427 889 455 954 si
476 909 538 973 pro
558 888 679 959 τούτοις
695 887 788 954 aliud
805 887 1005 953 substituere
1017 888 1133 968 voluit,
1156 909 1278 974 parum
1297 895 1374 975 apte

209 1011 320 1077 verbis
349 1013 540 1095 χαλκοτύπῳ
569 1037 601 1076 τε
628 1011 682 1075 καὶ
711 1009 877 1092 οἰκοδόμῳ
910 1009 1104 1075 adiunxisse
1136 1019 1240 1093 σοφῷ,
1274 1010 1375 1095 quod,

210 1133 247 1197 ni
263 1132 369 1210 iallor,
387 1153 523 1218 prorsus
534 1140 641 1212 vacat,
660 1153 739 1198 oum
755 1131 812 1196 illa
829 1131 913 1196 ratio
925 1152 994 1196 non
1006 1131 1376 1216 soluminprudentem
1414 1139 1418 1224 J
1469 1215 1471 1218 Ι

210 1253 365 1339 opificem
387 1252 446 1318 sed
467 1255 591 1340 pariter
613 1254 650 1318 in
672 1274 799 1330 omnes,
829 1253 889 1336 qui
910 1259 1018 1317 artem
1039 1252 1188 1336 aliquam
1203 1249 1376 1331 'exercent

211 1373 317 1439 cadat.
357 1375 486 1442 Verum
508 1375 640 1441 etiamsi
661 1374 841 1440 molestum
860 1379 918 1451 est,
942 1394 1011 1438 non
1028 1373 1141 1438 statim
1159 1369 1377 1439 subditicium

211 1501 261 1560 est
283 1504 386 1578 σοφῷ,
411 1495 502 1580 quod
519 1497 579 1580 qui
595 1495 825 1582 interpolatori
835 1494 962 1573 tribuit,
986 1500 1073 1559 certe
1091 1494 1263 1560 ostendere
1279 1494 1378 1561 debet

212 1638 282 1700 quo
302 1616 440 1683 tandem
462 1617 601 1683 consilio
622 1616 840 1702 interpolator
857 1616 1102 1701 interposuerit.
1138 1615 1257 1682 Omnis
1274 1617 1378 1701 igitur

39 1729 42 1733 ’
126 1747 128 1751 ’
212 1731 352 1823 queastio
386 1738 423 1803 in
454 1738 519 1804 hoo
551 1737 716 1804 adiectivo
749 1737 858 1823 posita
880 1743 944 1815 est;
979 1743 1012 1802 et
1039 1738 1068 1801 si
1089 1737 1235 1802 rationes
1257 1711 1393 1803 afferre¹
1426 1731 1428 1734 ’

211 1833 400 1944 possumus,
426 1868 491 1924 'cur
519 1859 591 1945 ipse
613 1858 814 1946 Plutarchus
836 1875 875 1924 eo
897 1859 1112 1943 potissimum
1133 1880 1215 1923 usus
1237 1859 1289 1938 sit,
1324 1881 1378 1925 res

212 1981 281 2044 iam
309 1973 478 2045 transacta
503 1985 565 2068 est,
595 2001 658 2045 nec
686 1979 756 2044 ulla
785 1985 894 2044 exstat
922 1979 1096 2058 dubitatio,
1127 1980 1212 2064 quin
1233 1981 1378 2066 pessime

212 2100 267 2164 hic
296 2100 516 2186 interpolatus
546 2101 589 2165 sit
616 2100 721 2166 codex
742 2101 782 2165 D.
827 2099 903 2166 Hoc
930 2106 1044 2164 autem
1071 2101 1204 2186 negotio
1227 2101 1378 2187 iamdiu

212 2221 350 2301 iunctus
385 2227 435 2286 est
462 2220 753 2306 Wyttenbaohius,
788 2222 856 2305 qui,
891 2241 959 2304 qua
992 2227 1063 2286 erat
1096 2215 1257 2302 doctrina,
1291 2223 1379 2290 vidit

212 2341 432 2406 Plutarchum
453 2342 600 2427 'Epicuri
631 2342 734 2408 verba
767 2341 929 2407 laudasse.
975 2342 1103 2406 Eadem
1136 2339 1330 2409 accuratius
1357 2365 1379 2410 a
1524 2423 1527 2428 Ι

212 2463 364 2548 Diogene
381 2463 513 2528 Laertio
530 2464 573 2542 X,
599 2466 660 2529 144
681 2463 769 2527 inter
790 2464 902 2546 κυρίας
925 2463 1015 2528 illius
1038 2463 1134 2537 δόξας
1152 2465 1199 2530 sic
1217 2465 1377 2531 citantur:
1473 2471 1475 2476 '

214 2585 354 2667 Βροχεῖα
374 2593 468 2667 σοφῷ
484 2586 561 2668 τύχη
581 2586 795 2668 παρεμπίπτει.
829 2585 870 2648 ’τὰ
890 2584 925 2648 δὲ
941 2586 1069 2667 μέγιστοι
1088 2586 1142 2648 καὶ
1165 2588 1342 2669 κυριώτατα
1359 2588 1397 2650 ὅ

214 2705 363 2788 λογισμὸς
391 2706 531 2789 διῴκηκε
560 2706 614 2770 καὶ
632 2706 721 2769 κατὰ
743 2706 797 2770 τὸν
822 2713 937 2789 συνεχῆ
959 2707 1075 2789 χρόνον
1097 2713 1152 2770 τοῦ
1174 2708 1246 2790 βίου
1271 2709 1383 2802 ὃιοικοῖ

149 2832 152 2837 ’
214 2827 267 2889 καὶ
300 2827 457 2910 διοικήσει.
469 2826 492 2910 1)
545 2826 719 2896 Aliorum„
737 2834 898 2912 praeterea
936 2828 1136 2912 scriptorum
1169 2827 1258 2892 dicta
1289 2825 1379 2894 hanc

213 2947 353 3032 Epicuri
369 2948 570 3013 sententiam
587 2947 641 3013 vel
657 2947 832 3012 laudantia
847 2947 902 3013 vel
918 2949 1086 3014 imitantia
1100 2948 1381 3033 Wyttenbaohius

215 3068 252 3133 in
283 3068 500 3135 annotatione
534 3069 639 3147 docte,
670 3075 708 3132 ut
727 3057 822 3147 solet,
852 3069 1068 3155 comparavit.
1121 3070 1209 3135 Sunt
1240 3071 1381 3136 fortasse

216 3189 276 3271 qui
307 3189 345 3254 in
373 3211 412 3254 eo
440 3190 600 3268 haereant,
634 3188 725 3274 quod
747 3189 947 3255 Plutarchus
975 3211 1037 3255 sua
1064 3197 1097 3256 et
1117 3192 1256 3277 Epicuri
1277 3191 1382 3258 verba

215 3308 342 3373 mirum
374 3311 411 3375 in
448 3311 588 3376 modum
625 3312 791 3378 conflavit.
857 3311 987 3378 Verum
1030 3312 1095 3376 hac
1138 3311 1382 3378 consuetudine

216 3451 304 3515 saepe
326 3429 363 3494 in
386 3431 519 3496 citando
539 3432 689 3516 nutura)
734 3432 807 3497 Has
828 3433 897 3498 iere
919 3433 1065 3498 rationes
1088 3439 1221 3498 secutus
1248 3433 1382 3498 »deteri-
1487 3509 1489 3514 ¹

216 3572 330 3616 orum«
362 3550 517 3616 codicum
544 3553 744 3637 scripturam
766 3554 951 3641 genuinam
972 3575 1043 3618 asse
1066 3560 1157 3638 puto,
1186 3576 1267 3619 nam
1289 3554 1381 3639 quod

182 3737 184 3741 .
215 3671 311 3737 alitor
343 3672 562 3738 statuendum
594 3679 673 3752 erat,
706 3673 881 3767 librarium
913 3674 1086 3738 Plutarchi
1120 3675 1305 3740 orationem
1337 3675 1382 3740 ad

215 3793 353 3879 Epicuri
393 3795 573 3872 correxisse
617 3795 833 3872 sententiam,
878 3795 971 3860 omni
1011 3801 1101 3860 caret
1137 3795 1380 3881 probabilitate

215 3914 373 3982 Perverse
395 3937 467 3981 rem
490 3915 558 4000 egit
579 3915 781 3995 Hercherus‚
797 3897 870 4000 ¹qui
891 3916 939 3981 ita
961 3915 1084 3995 divisit,
1107 3923 1146 3981 ut
1167 3938 1245 3981 cum
1268 3916 1382 3983 codice

217 4035 247 4099 D
269 4037 460 4120 χαλκοτύπῳ
482 4062 514 4100 τε
536 4037 590 4101 καὶ
612 4037 778 4120 οἰκοδόμῳ
801 4037 976 4116 omitteret,
1008 4058 1086 4103 cum
1113 4037 1250 4122 reliquis
1280 4059 1381 4104 sensu

217 4155 373 4241 neglecto¹
390 4167 486 4241 σοφῷ
507 4179 567 4244 pro
588 4160 709 4229 τούτοις
730 4165 878 4245 poneret.
1423 4146 1427 4152 ⁴

182 4378 184 4381 -
245 4332 266 4397 ¹)
286 4336 383 4405 eomp.
403 4338 517 4393 Useneri
535 4338 673 4407 Epicurea
691 4355 717 4407 p.
739 4337 852 4403 'll-475,
871 4338 918 4393 ubi
937 4339 1035 4394 eudem
1054 4339 1139 4406 paulo
1159 4338 1237 4393 aliter
1255 4337 1382 4394 eduntur.
1406 4309 1408 4312 V

245 4418 266 4483 ²)
285 4423 422 4564 Eggmpla
440 4424 520 4481 affert
539 4425 696 4485 Schellens:
716 4428 756 4482 De
773 4426 852 4482 hiatu
869 4426 899 4482 in
918 4426 1058 4482 Plutarchi
1076 4426 1238 4481 moralibus.
1276 4427 1382 4481 Bonnae

290 4511 302 4564 1
342 4511 358 4565 4
376 4528 402 4580 p.
422 4511 535 4566 23-26.
