3306 5144
272 667 294 695 O

887 428 928 491 92

412 619 570 686 Perverse
599 619 799 698 Hercherua
836 627 947 705 spreta
978 618 1152 702 ingeniosa
1181 617 1309 682 Reiskii
1338 617 1495 683 emenda

284 757 288 768 ·
328 740 418 805 tione
445 741 728 824 ὑπέρευ-οἰόμενοι
737 741 769 824 1),
805 741 930 826 recepit
957 737 1213 825 improbabilem
1240 737 1495 824 Wyttenbaohii

329 863 554 927 coniecturam
582 863 656 926 ὅταν
684 864 726 933 εἰς
754 865 861 946 ὄνυχα.
918 862 1107 926 Pronomen
1136 860 1315 927 relativum
1342 868 1430 929 recte
1459 881 1496 925 se

327 982 438 1062 habet,
471 982 561 1050 valet
588 985 679 1047 onim
707 986 739 1047 εἴ
760 1007 830 1062 τινι;
865 985 905 1048 cf.
935 983 1082 1066 Kritgeri
1105 982 1160 1046 Gr.
1180 981 1236 1047 Gr.
1259 981 1282 1068 ξ
1303 986 1353 1060 51,
1379 985 1428 1060 13,
1454 987 1494 1049 11

328 1111 362 1168 et
382 1104 470 1168 inter
490 1104 643 1190 exempla
665 1104 708 1169 ab
726 1126 764 1170 eo
781 1104 918 1170 laudata
936 1103 1102 1189 imprimis
1114 1104 1269 1188 Xenoph.
1287 1103 1354 1168 Οῑκ.
1366 1103 1426 1181 IV,
1441 1108 1494 1170 19.

330 1224 585 1300 Quacodicum
606 1227 802 1292 auctoritate
824 1227 953 1291 nitatur
974 1225 1059 1290 illud
1081 1227 1194 1299 αὐτῶν,
1218 1224 1309 1309 quod
1331 1225 1367 1289 in
1390 1225 1500 1289 omni-

329 1346 393 1411 bus
421 1346 626 1412 editionibus
655 1355 775 1432 praeter
797 1348 960 1412 Hercheri
990 1355 1022 1412 et
1043 1346 1266 1412 Bemardakis
1294 1367 1396 1432 prave
1419 1353 1502 1432 post

329 1468 549 1550 χαλεπώτατον
581 1469 815 1554 interponitur,
851 1476 986 1555 propter
1019 1468 1191 1533 silentium
1224 1467 1391 1533 editorum
1424 1489 1500 1534 non

329 1589 443 1673 liquet.

603 2096 684 2166 Πῶς
706 2097 745 2159 άν
765 2121 809 2166 τις
831 2097 882 2157 ἀπ’
909 2096 1037 2178 ε’χθρών
1059 2095 1220 2176 ὠφελοῖτο.
1288 2121 1291 2126 ·

326 2397 362 2460 p.
386 2375 430 2442 87
442 2373 527 2440 ο-ό
550 2375 638 2457 (cop.
662 2371 726 2454 II).

416 2496 523 2578 ὥσπερ
546 2494 606 2576 γὰρ
628 2494 665 2555 τὰ
688 2493 839 2575 ῥωμαλὲα
862 2499 925 2562 τοῖς
947 2493 1116 2573 στομάχοις
1144 2491 1197 2554 καὶ
1219 2492 1407 2573 ὑγιεινότατα
1430 2499 1501 2556 τῶν

332 2618 428 2699 ζῴων
463 2618 551 2698 όφεις
588 2615 731 2678 ἐσθίοντα
766 2614 943 2676 καταπέττει
971 2613 1024 2675 καὶ
1051 2615 1231 2693 σκορπίους,
1272 2615 1332 2676 ἔστι
1362 2612 1412 2676 d'd
1441 2615 1501 2678 καὶ

332 2739 431 2808 λίθοις
460 2737 513 2800 καὶ
542 2737 707 2818 ὀστράκοις
735 2737 886 2817 τρέφεται,
908 2734 1136 2816 μεταβάλλουσι
1160 2735 1194 2798 δὲ
1217 2735 1254 2798 δι’
1279 2736 1418 2798 εὐτονίαν
1441 2737 1501 2799 καὶ

332 2859 510 2942 θερμότητα
533 2857 717 2938 πνεύματος,
741 2857 771 2919 οἱ
794 2856 828 2919 δὲ
850 2855 952 2938 σικχοὶ
973 2857 1035 2918 κτλ.

417 2979 541 3044 Citavit
566 2977 638 3042 haec
662 2976 782 3042 Suidas
810 2999 833 3041 a.
858 2999 888 3042 v.
913 2977 1028 3060 σικχός,
1059 2976 1230 3041 nonnullis
1252 2979 1499 3062 praetermissis,

332 3100 448 3184 paucis
456 3099 603 3176 mutatis
612 3099 672 3163 sic:
685 3099 728 3162 Τὰ
737 3100 992 3182 ῥωμαλεώτερα
1005 3104 1069 3162 τῶν
1081 3099 1177 3180 ζώων
1194 3097 1283 3170 τοὺς
1299 3102 1502 3183 στομάχους

331 3222 502 3301 σκορπίους
529 3219 582 3282 καὶ
611 3221 700 3302 ὄφεις
732 3222 954 3284 κατεσθίοντα
977 3221 1155 3283 καταπέττει
1178 3240 1184 3252 ·
1208 3221 1238 3283 οἱ
1261 3220 1295 3284 δὲ
1317 3222 1418 3304 σικχοὶ
1441 3223 1500 3285 καὶ

331 3343 481 3411 νοσώδεις
514 3343 610 3424 ἄρτον
642 3341 695 3404 καί
728 3341 840 3424 ὕδωρ
873 3343 1127 3424 προσφερόμενοι
1160 3348 1340 3422 ναυτιῶσιν;
1375 3364 1501 3410 varum

332 3463 416 3527 nihil
444 3469 502 3541 est,
536 3483 596 3527 cur
623 3463 695 3528 eius
724 3462 896 3548 diligentia
918 3464 1003 3541 freti,
1037 3462 1166 3528 nullam
1188 3441 1419 3529 necessitatem
1441 3466 1501 3532 vel

332 3585 449 3651 saltem
471 3583 742 3671 probabilitatem
765 3585 879 3661 secuti,
913 3605 933 3648 a
956 3583 1111 3649 codicum
1133 3592 1323 3650 nostrorum
1344 3586 1500 3671 vestigiis

332 3706 552 3784 discedamus,
586 3727 647 3771 neo
677 3705 841 3770 imitanda
863 3705 1026 3770 Herchori
1048 3706 1282 3785 inconstantia,
1313 3707 1382 3791 qui,
1416 3728 1500 3774 cum

332 3828 475 3890 ἐσθίοντα
515 3828 681 3892 intactum
718 3826 928 3911 relinquerit,
974 3834 1089 3892 tamen
1129 3830 1295 3892 sententia
1335 3829 1499 3895 orationis

331 3968 401 4013 non
419 3954 557 4031 cogente
574 3948 610 4010 τὰ
627 3949 862 4031 ῥωμαλεώτατα
875 3955 907 4012 et
918 3947 990 4018 τοὺς
1003 3950 1181 4030 στομάχους
1198 3949 1338 4034 scripsit,
1356 3948 1498 4016 illudne

333 4067 437 4134 Suida
448 4066 586 4152 quidem
598 4076 741 4135 auctore.
766 4068 861 4134 Idem
872 4070 925 4136 vir
939 4068 1056 4134 doctus
1064 4067 1165 4153 paulo
1173 4068 1262 4133 inira
1268 4071 1501 4153 μεταβάλλουσι

584 4230 643 4236 ..-.-
884 4233 926 4237 --
1088 4232 1098 4236 -
1113 4232 1392 4239 -..-—-——-—
1403 4235 1499 4244 ψ..

369 4320 390 4383 ¹)
410 4321 441 4375 ln
459 4319 650 4388 compluribus
668 4321 811 4376 codicibus
829 4320 971 4376 deterioris
989 4323 1061 4374 notae
1074 4325 1165 4375 exstat
1176 4314 1314 4386 οἰόμενοι,
1333 4325 1364 4379 cf.
1377 4324 1500 4395 Wytten·

411 4408 504 4462 bachii
524 4407 665 4462 animadv.
686 4408 767 4462 adh.
786 4409 804 4461 l.
