3306 5144
850 491 908 553 134

298 681 408 763 ὀρθῶς
440 680 495 762 τὴν
528 682 622 763 φύσιν
654 682 699 764 μὴ
742 683 895 764 δεομένην
935 682 1116 746 διδάσκουσι
1147 683 1267 746 δεῖσθαι
1301 685 1460 766 συστολῆς.

297 801 427 866 Deinde
444 802 575 886 phrasis
592 803 680 868 haec:
699 805 876 885 ἐλευθέροις
892 809 955 872 τοῖς
973 804 1123 873 τοιούτοις
1139 805 1277 886 χρῆσθαι
1290 806 1464 888 κολασμοῖς

298 944 398 988 sensu
421 944 515 988 cassa
536 930 599 1000 est;
623 925 783 1007 ἐλευθέρῳ
804 925 860 987 τινὶ
881 925 1019 1006 χρῆσθαι
1041 923 1130 988 valet
1155 924 1275 1008 ¹aliquo
1299 934 1337 989 ut
1356 925 1462 990 libero

298 1045 368 1122 uti',
398 1051 431 1108 et
459 1065 501 1108 ne
531 1045 595 1109 hoc
617 1044 755 1129 quidem
777 1045 873 1110 iacile
897 1046 961 1109 nisi
984 1044 1098 1110 addito
1120 1047 1167 1115 ὡς
1189 1052 1266 1110 ante
1291 1048 1462 1129 ἐλευθέρῳ,

296 1187 375 1243 non,
408 1165 500 1250 quod
532 1166 595 1231 hoc
628 1166 699 1232 loco
728 1166 895 1231 sententia
922 1167 1059 1250 flagitat,
1096 1188 1146 1246 ,ex
1178 1166 1316 1232 arbitrio
1346 1167 1462 1252 aliquo

297 1286 484 1371 (aliquare)
507 1288 583 1364 uti’;
607 1287 642 1351 id
660 1289 752 1352 enim
765 1286 881 1364 Graeci,
905 1289 941 1351 ni
958 1288 1063 1364 iallor,
1086 1287 1301 1373 appellabant
1322 1289 1401 1352 κατὰ
1424 1291 1462 1353 τὸ

303 1410 420 1473 δοκοῦν
448 1432 503 1472 τινι
529 1410 675 1491 χρῆσθαι.
727 1409 853 1474 Verum
891 1408 1036 1473 dixerint
1066 1409 1174 1474 Graeci
1210 1410 1370 1492 ἐλευθέρῳ
1403 1413 1463 1473 τινὶ

295 1531 441 1612 χρῆσθαι,
470 1537 508 1595 ut
530 1530 772 1614 significaretur
796 1551 846 1610 ,ex
868 1530 1005 1594 arbitrio
1028 1531 1141 1614 aliquo
1172 1531 1295 1615 (aliqua
1319 1533 1363 1614 re)
1387 1533 1459 1596 uti’.

294 1650 414 1715 Nonne
447 1651 500 1716 vel
533 1651 580 1715 sic
613 1651 790 1733 ἐλευθέροις
819 1672 918 1714 sensu
949 1659 1083 1729 careret,
1119 1673 1197 1715 cunr
1231 1673 1272 1716 ex
1306 1652 1461 1718 membro

293 1773 446 1857 apposito
472 1772 719 1855 ,μηδεμιᾶςδδ
744 1775 788 1835 ..¹
821 1779 989 1857 appareat,
1020 1774 1091 1837 eius
1122 1773 1213 1838 modi
1241 1775 1460 1858 purgationes

295 1893 474 1958 Plutarcho
501 1893 612 1958 iudice
640 1914 709 1957 non
737 1915 778 1958 ex
806 1892 951 1971 arbitrio,
981 1894 1015 1958 id
1043 1894 1134 1979 quod
1164 1895 1257 1958 stulti
1285 1903 1318 1958 et
1346 1896 1461 1960 incon-

294 2013 430 2079 siderati
459 2023 553 2093 esset,
586 2036 656 2079 esse
678 2014 899 2100 usurpandas.
950 2015 1055 2080 Credo
1084 2037 1200 2081 omnes
1231 2016 1290 2080 has
1320 2016 1462 2081 difficul-

295 2142 380 2200 tates
419 2135 490 2200 tolli
528 2136 706 2220 locumque
745 2137 782 2200 in
815 2137 984 2221 integrum
1018 2138 1148 2201 restitui
1181 2159 1287 2223 posse,
1321 2139 1349 2201 si
1383 2147 1460 2223 post

295 2258 459 2340 ὑφαίρεσιν
481 2264 606 2342 puncto
628 2258 887 2342 interpungitur,
916 2257 1036 2323 deinde
1067 2259 1172 2323 oratio
1196 2259 1242 2322 sic
1264 2260 1333 2323 iere
1356 2261 1460 2325 conti-

297 2386 436 2443 nuatur:
460 2379 589 2442 Βέλτιον
611 2379 671 2460 γὰρ
696 2377 898 2464 [ἐλευθέρους]
923 2381 956 2444 ἐν
977 2389 1081 2462 καιρῷ
1101 2380 1144 2443 τὸ
1167 2380 1358 2462 ζητόομενον
1380 2382 1460 2452 ἔθος

292 2501 471 2563 ἀπαιτοῦντι
507 2507 570 2570 τοῖς
607 2502 757 2570 τοιούτοις
799 2502 937 2582 χρῆσθαι
983 2502 1155 2584 κολασμοῖς
1196 2503 1238 2571 εἷς
1277 2501 1311 2564 ιδ
1350 2507 1457 2584 σῶμα,

294 2623 451 2704 μηδεμιᾶς
478 2622 512 2685 δὲ
540 2622 784 2704 προαισθήσεως
813 2623 910 2703 οὔσης
936 2622 1011 2703 μηδ’
1041 2623 1190 2702 ὑποψίας,
1220 2623 1283 2695 ἐᾶν,
1318 2623 1371 2685 καὶ
1400 2624 1457 2704 τὴν

291 2743 370 2820 κτλ.;
405 2763 515 2826 neque
549 2742 638 2806 enim
672 2742 756 2805 mihi
790 2740 932 2806 dubium
961 2741 1102 2819 videtur,
1137 2743 1221 2826 quin
1250 2742 1457 2809 adiectivum

291 2862 578 2946 ἐλευθέρονςῑ)111
543 2863 778 2947 rnterpositum
811 2864 854 2927 sit
840 2862 927 2927 tab
959 2862 1103 2940 librario,
1139 2871 1319 2948 postquam
1352 2865 1457 2930 verba

292 2984 349 3049 illa
372 2987 404 3048 ἓν
426 3009 566 3068 κοιρῳ.
592 2986 828 3049 ..ἀπαιτοῦντι
850 2984 921 3050 loco
943 2991 1035 3049 mota
1057 2992 1144 3049 sunt.
1123 2985 1288 3049 tOum
1317 2985 1457 3051 dixisset

294 3106 504 3184 Plutarchus,
518 3106 646 3170 nullam
658 3105 909 3172 consuetudinis
918 3107 1045 3170 necessi
1045 3113 1174 3170 itatem
1161 3115 1284 3172 temere
1297 3107 1456 3172 inhaere

291 3226 536 3292 admittendam
559 3249 639 3305 esse,
662 3226 741 3292 inde
764 3227 895 3311 collegit
917 3226 1141 3312 interpolator,
1166 3229 1327 3293 sermonis
1346 3228 1456 3294 Graeci

289 3371 359 3414 non
399 3348 583 3414 admodum
622 3349 756 3433 peritus,
801 3348 1014 3413 manifestam
1054 3349 1209 3414 lacunam
1250 3349 1455 3415 vocabulum

289 3471 427 3556 aliquod
460 3471 647 3536 libertatem
680 3470 871 3554 significans
904 3471 1080 3554 requirere.
1136 3471 1254 3537 Latine
1288 3474 1455 3537 sententia

290 3594 338 3658 sic
365 3593 527 3658 vertenda
555 3599 619 3658 est:
657 3593 806 3672 ,Praestat
840 3592 931 3655 enim
963 3590 1166 3676 {necessitate
1202 3614 1269 3657 non
1301 3593 1452 3678 coactosl,

291 3714 390 3779 rebus
413 3716 494 3800 ipsis
517 3713 805 3792 consuetudinem,
836 3712 876 3777 de
905 3735 973 3798 qua
995 3713 1165 3797 quaeritur,
1194 3714 1452 3798 requirentibus,

291 3834 414 3900 talibus
436 3837 487 3899 uti
509 3836 655 3920 corporis
683 3842 753 3900 cast
754 3835 823 3919 igat
809 3833 967 3912 tionibus,
1001 3857 1128 3913 verum,
1164 3834 1222 3900 ubi
1252 3835 1345 3900 nulla
1373 3858 1454 3920 pree-

292 3957 401 4022 sensio
423 3955 477 4022 vel
499 3957 643 4042 suspicio
666 3955 819 4021 malit
769 3963 827 4029 est
850 3977 905 4020 eas
927 3957 1079 4021 omittere
1107 3959 1187 4020 cet.
1232 3957 1322 4021 Fieri
1343 3964 1454 4042 potest

326 4291 346 4356 ¹)
365 4296 405 4348 Ex
434 4287 594 4356 ἐλευθέριοι
627 4298 724 4360 postea
755 4297 846 4348 ortum
878 4296 918 4347 est
949 4292 987 4355 id,
1021 4290 1095 4358 quod
1130 4291 1159 4344 in
1186 4292 1328 4348 codicibus
1360 4299 1453 4349 exstat

363 4376 557 4446 (Sia-diocte),
589 4381 783 4435 terminatione
816 4381 941 4434 adiectivi
972 4379 1008 4433 ad
1035 4394 1132 4432 casum
1162 4382 1301 4447 sequentis
1328 4383 1452 4437 nominis

365 4470 582 4525 accommodata.
