3306 5144
718 474 778 536 139
800 555 802 560 ι

162 666 245 730 dum
264 667 307 729 sit
324 666 465 746 ἑταίραις,
486 664 544 730 sed
561 666 663 729 etium
680 666 715 728 in
732 665 798 729 fine
817 666 935 750 cepitis
952 667 1084 749 ἑταιρῶν
1101 665 1324 732 scribendum.

162 788 269 852 Nemo
292 785 393 862 enim,
428 786 487 870 qui
514 807 623 852 mores
646 799 679 851 et
706 787 811 851 vitem
835 786 1028 851 Greecorum
1052 786 1136 851 bene
1159 790 1324 872 cognovit,

161 910 275 986 nescit,
326 929 430 991 quam
481 906 614 972 difficile
663 915 696 972 et
739 907 964 993 periculosum
1013 909 1115 972 fuerit
1167 909 1325 974 honestes

161 1050 374 1115 corrumpere
408 1029 561 1093 feminas.
617 1028 692 1095 Hoc
725 1029 828 1113 igitur
859 1029 1060 1094 Plutarchus
1089 1051 1157 1094 non
1187 1038 1225 1095 ut
1254 1053 1324 1096 renr

160 1172 376 1217 communem
399 1159 432 1215 et
453 1150 628 1235 vulgarem
650 1171 911 1215 commemorare
933 1151 1051 1235 potuit,
1080 1172 1142 1217 nec
1164 1173 1233 1236 que
1255 1161 1325 1219 eret

159 1273 319 1358 religione
332 1274 417 1336 ‘tam
445 1272 562 1337 leviter
591 1273 767 1356 uestigium
801 1273 841 1337 cf.
871 1273 973 1336 huius
1001 1271 1056 1337 lib.
1087 1295 1117 1357 p.
1152 1273 1244 1340 144b
1275 1276 1323 1339 διὸ

160 1397 211 1459 δεῖ
234 1396 366 1477 μάλιστα
393 1395 496 1476 τούτῳ
523 1395 661 1476 χρῆσθαι
689 1396 753 1476 μετ’
786 1394 948 1476 εὐλαβείας
974 1393 1028 1458 τὸν
1057 1395 1157 1477 ἄνδρα
1186 1397 1240 1459 καὶ
1268 1396 1324 1479 τὴν

161 1523 302 1598 γυναῖκα,
331 1521 396 1578 τῶν
418 1517 553 1596 ἀνιέρων
575 1517 628 1578 καὶ
649 1515 848 1596 παρανόμων
876 1514 958 1597 πρὸς
985 1517 1109 1596 ἑτέρους
1137 1518 1323 1598 ἁγνεύοντας

158 1638 297 1718 ὁμιλιῶν.
342 1637 383 1701 Ια
404 1638 594 1702 meretrices
611 1659 690 1704 vero
709 1636 812 1703 verba
829 1638 900 1702 eius
918 1638 1043 1721 optime
1061 1637 1187 1702 cadunt
1203 1639 1320 1725 (comp.

157 1760 280 1824 locutio
314 1759 432 1841 ἡδονῆς
465 1759 556 1822 ἕνεκα
589 1758 725 1842 μικρᾶς).
782 1759 845 1823 His
880 1780 950 1823 non
977 1779 1051 1824 raro
1081 1760 1183 1823 etiam
1210 1763 1322 1826 meriti

156 1880 339 1945 utebantur
368 1888 401 1944 et
430 1881 471 1945 de
501 1885 573 1944 eius
601 1880 693 1944 modi
722 1880 893 1946 amoribus
916 1881 1024 1944 Greeci
1046 1879 1185 1945 minime
1208 1903 1321 1948 severe

155 2001 367 2079 iudicabant;
391 2004 431 2067 cf.
457 2003 647 2067 Schdmunn
662 2001 793 2066 Griech.
808 2002 978 2067 Annon]
997 2024 1028 2086 p.
1042 2005 1210 2069 549—550
1222 2003 1271 2068 ed.
1285 2009 1319 2082 3;

156 2124 333 2190 Hermann
346 2123 401 2188 Gr.
415 2124 530 2207 Antiq.
542 2123 591 2188 IV
610 2146 640 2208 p.
655 2129 822 2191 roe—256
834 2123 884 2188 ed.
897 2127 932 2202 33
954 2123 1042 2187 Plut.
1056 2122 1171 2189 Moral.
1190 2147 1221 2209 p.
1236 2129 1275 2191 12
1288 2125 1319 2203 b,

154 2268 187 2330 p.
214 2245 323 2323 150b;
347 2245 456 2329 Lysiee
479 2245 628 2310 defensio
646 2267 706 2330 pro
724 2245 813 2310 coede
830 2245 1069 2310 Eratosthenis,
1099 2282 1140 2290 —
1167 2245 1319 2311 Eandem

155 2367 396 2432 correctionem
424 2375 511 2431 recte
539 2366 695 2431 adhibuit
716 2367 752 2431 E.
778 2366 955 2450 Rasmusl)
983 2367 1019 2429 in
1048 2364 1132 2430 libro
1155 2366 1195 2431 de
1219 2368 1317 2434 Stoic.

154 2509 294 2574 repugn.
327 2509 353 2552 c.
384 2488 433 2552 IV
465 2488 505 2573 (p.
530 2492 611 2554 1034
623 2490 663 2571 a),
691 2489 751 2553 ubi
778 2489 879 2573 vulgo
910 2486 1065 2552 scribitur
1092 2488 1201 2571 ὥσπερ
1229 2493 1260 2553 εἴ
1275 2515 1318 2562 τις

152 2613 209 2694 τὴν
232 2611 368 2693 γαμετὴν
391 2611 565 2688 ἀπολιπὼν,
596 2613 686 2693 ἑτέρᾳ
709 2611 743 2673 δὲ
766 2613 872 2684 συζῶν
893 2611 947 2674 καὶ
1032 2609 1318 2693 παιδοποιούμενος

152 2734 187 2806 ἒξ
209 2735 315 2814 ἑτέρας
336 2733 398 2796 κτλ.

486 3405 557 3468 Τῶν
579 3406 655 3467 ἑπτα
679 3411 791 3488 σοφῶν
813 3408 998 3488 συμπόσιον.

26 3661 27 3668 ’
152 3678 183 3741 μ.
206 3657 273 3722 146
285 3677 303 3721 e
324 3656 413 3739 (cop.
438 3654 500 3737 II).

233 3777 315 3859 πλὴν
342 3777 466 3840 ὑπενόει
492 3777 663 3860 πρόβλημα
692 3777 837 3860 δεύτερον
865 3779 952 3859 αὐτῷ
980 3780 1119 3860 κομίζειν
1147 3780 1180 3843 ἐν
1201 3781 1313 3864 βιβλίῳ

152 3900 476 3980 κατασεσημασμένον.

234 4019 278 4084 Ni
305 4018 402 4084 fallor
428 4019 484 4083 hic
511 4019 582 4084 sine
612 4020 765 4105 exemplo
801 4020 923 4085 dicitur
950 4020 1173 4104 πρόβλημα-ἒν
1199 4025 1311 4107 βιβλίῳ

156 4140 478 4223 κατασεσημασμένον,
501 4160 611 4224 neque
634 4143 724 4206 enim
741 4143 854 4226 ipsum
871 4142 1042 4225 πρόβλημα
1060 4143 1119 4208 sed
1136 4143 1310 4229 epistolem

1214 4345 1309 4352 —.—.

187 4464 206 4527 ¹)
225 4467 301 4523 Cous.
321 4467 451 4521 Bursiani
466 4467 688 4523 Jahresberichte
705 4469 788 4524 XXVI
806 4485 833 4536 p.
852 4468 965 4522 57—58.
