3282 5146
885 398 928 462 50

411 592 483 662 Ταῖς
512 589 771 676 Wyttenbachio
800 597 884 655 teste
914 596 964 655 est
996 590 1033 654 in
1060 588 1140 654 0011.
1170 611 1258 668 nov„
1288 590 1419 669 Venet,
1458 591 1500 669 C,

324 713 369 791 D;
403 714 439 777 in
474 712 611 796 reliquis
647 718 724 790 τοῖς;
759 712 1003 794 ὑπολειμμάτων
1032 710 1114 775 dant
1142 711 1346 776 Harleianus
1375 718 1410 776 et
1441 712 1497 791 D;

324 835 424 899 ceteri
472 833 601 898 codices
651 840 684 898 et
735 831 877 898 editores
921 838 998 897 ante
1041 831 1340 916 Wyttenbachium
1382 854 1497 918 prave

322 954 605 1039 ὕπολημμάτων.ῑ)
647 953 785 1018 Tradita
807 954 971 1038 scriptura
981 952 1138 1018 bifariam
1156 953 1313 1033 offendit;
1336 955 1497 1040 primum
1617 1012 1618 1031 ἢ

322 1076 406 1162 quid
427 1077 492 1140 hoc
513 1075 585 1140 loco
607 1075 772 1159 significet
787 1076 960 1158 ὑπηνέμιος
978 1076 1091 1157 λοχεία,
1114 1075 1173 1141 vix
1190 1075 1371 1159 quisquam
1388 1097 1496 1161 expe
1616 1159 1617 1164 ἵ

324 1197 406 1276 diet;
441 1196 561 1262 deinde
595 1197 708 1281 inepte
737 1197 825 1260 inter
852 1216 887 1260 se
915 1203 1153 1281 comparantur
1181 1198 1353 1280 ὑπηνέμιος
1379 1198 1494 1280 λοχεία
1615 1231 1616 1240 1

323 1319 376 1382 καὶ
398 1319 476 1388 ὠδίς
494 1324 527 1408 et
540 1319 713 1402 ὑπηνέμιος
727 1317 849 1399 ὑλόγος
865 1319 1023 1381 ἐκπίπτων
1033 1317 1066 1401 2),
1090 1339 1168 1382 cum
1184 1317 1241 1382 illa
1258 1318 1367 1403 prima
1384 1339 1495 1384 causa

324 1439 433 1524 (ἀρχή)
468 1440 512 1504 sit
544 1440 634 1518 mali,
667 1440 723 1504 hic
751 1459 831 1506 vero
859 1439 973 1523 ipsum
994 1439 1123 1504 malum
1150 1461 1168 1504 e
1195 1460 1300 1524 prava
1321 1440 1494 1505 iuvenum

322 1560 434 1626 indole
476 1567 509 1625 et
549 1560 746 1626 educatione
787 1567 929 1650 ortum..
977 1559 1068 1636 Quid
1106 1561 1271 1644 flagitaret
1308 1562 1491 1640 sententia,

321 1682 486 1747 intellexit
507 1681 788 1767 Wyttenbachius
812 1681 1005 1746 admonitus
1013 1681 1038 1765 ³)
1060 1680 1170 1748 verbis
1192 1681 1379 1747 Aristotelis
1395 1683 1488 1748 Hist.

322 1804 424 1868 anim.
449 1803 508 1882 VI,
532 1807 568 1869 2:
592 1805 622 1866 οἱ
645 1803 679 1866 δὲ
701 1804 848 1886 λέγοντες,
877 1803 922 1866 ὅτι
943 1803 1159 1886 ὑπολείμματά
1181 1805 1242 1867 ἔστι
1268 1804 1304 1867 τὰ
1327 1805 1489 1887 ὑπηνέμια

322 1930 387 1988 τῶν
419 1926 601 2007 ἔμπροσθεν
639 1926 673 1998 ἒξ
711 1925 815 2007 ὀχείας
855 1926 1037 2007 γινομένων,
1071 1926 1130 1988 οὐκ
1159 1925 1265 2008 ἀληὺῆ
1291 1926 1414 2006 λέγουσι
1442 1925 1490 1989 ad

322 2045 485 2110 tuendam
507 2067 693 2130 paucorum
715 2045 870 2110 codicum
892 2047 1092 2132 scripturam
1114 2047 1357 2129 ὑπολειμμάτων
1378 2045 1421 2110 ab
1445 2067 1488 2111 eo

322 2146 475 2232 laudatis
511 2168 708 2252 Suspicatur
721 2168 812 2232 enim
829 2168 992 2253 scriptum
1008 2169 1127 2233 tuisse:
1147 2221 1155 2234 .
1174 2221 1180 2232 .
1200 2221 1206 2233 .
1226 2168 1281 2238 τὰς
1291 2168 1488 2250 ὑπηνεμίους

323 2289 426 2372 ὀχείας
450 2289 577 2353 ὠδίνων
599 2290 717 2353 ἀτελῶν
738 2313 831 2353 τινων
853 2291 925 2363 κτλ,
947 2290 1139 2354 hocsensu:
1163 2295 1264 2374 atque
1280 2287 1400 2354 avibus
1412 2289 1487 2371 qui-

324 2410 401 2475 dem
432 2411 539 2475 coitus
568 2410 611 2475 ad
642 2418 784 2475 ventum
814 2411 877 2496 (vel
905 2417 1085 2496 conceptus
1112 2432 1131 2475 e
1158 2410 1269 2494 vento)
1292 2431 1410 2475 causas
1432 2431 1488 2475 ex-

322 2533 419 2596 istere
453 2531 570 2596 dicunt
598 2538 759 2617 partuum
788 2531 1002 2616 quorundam
1029 2533 1184 2597 inanium
1211 2538 1244 2596 et
1265 2531 1486 2616 reliquiarum

321 2651 706 2736 animale(!)carentium.
722 2653 788 2718 Sed
794 2660 1018 2738 praeterquam
1025 2653 1116 2740 quod
1127 2653 1170 2718 ad
1182 2653 1336 2718 codicum
1342 2653 1484 2736 vestigia

321 2775 463 2860 propius
485 2773 641 2840 accedere
663 2795 852 2859 possumus,
875 2782 914 2839 ut
935 2796 1015 2840 mox
1037 2775 1220 2853 ostendam,
1254 2775 1484 2860 interpretatio

321 2895 453 2960 duobus
473 2895 592 2960 saltem
608 2895 803 2961 nominibus
815 2896 1038 2982 vituperanda
1055 2903 1113 2976 est,
1136 2897 1285 2982 primum
1302 2895 1393 2980 quod
1410 2896 1483 2960 sine

321 3016 442 3082 idonea
453 3037 554 3081 causa
566 3016 799 3082 distrahuntur
810 3017 975 3083 adiectiva
986 3019 1104 3082 ἀτελῶν
1116 3024 1149 3082 et
1160 3019 1305 3101 ἀψύχων,
1324 3038 1400 3102 quae
1411 3037 1482 3083 ver-

321 3136 441 3202 borum
458 3137 539 3202 ordo
556 3137 600 3202 ad
617 3139 860 3222 ὑπολειμμάτων
876 3138 1050 3204 referenda
1066 3160 1137 3204 esse
1149 3138 1310 3217 ostendit;
1333 3139 1380 3202 ita
1392 3139 1484 3204 enim

321 3280 363 3324 ex
384 3258 547 3324 vocabulo
570 3259 697 3323 ὠδίνων
725 3260 874 3344 genetivi
903 3261 962 3345 qui
985 3266 1172 3345 sequuntur
1194 3259 1358 3345 pendent:
1396 3312 1453 3340 η..
1476 3312 1482 3325 .

321 3401 438 3445 causas
468 3386 629 3466 partuum
658 3380 814 3446 inanium
837 3381 1051 3466 quorundam
1074 3388 1106 3446 et
1128 3382 1272 3447 animale
1295 3381 1482 3446 carentium

321 3502 547 3587 reliquiarum’
563 3501 711 3567 Accedit
722 3502 814 3587 quod
825 3503 1031 3570 adiectivum
1041 3505 1214 3586 ὑπηνέμιος
1221 3523 1323 3588 prave
1331 3503 1481 3568 vertitur.

320 3623 487 3707 Equidem
506 3624 733 3688 coniecturam
751 3625 920 3709 egregiam
938 3625 1002 3690 viri
1020 3624 1203 3689 doctissimi
1220 3625 1267 3689 sic
1284 3622 1483 3688 mutandam

321 3765 391 3808 esse
422 3765 549 3823 censeo,
578 3751 617 3810 ut
644 3745 824 3811 scribatur:
858 3747 913 3817 τὰς
939 3747 1131 3829 ὑπηνεμίους
1158 3747 1261 3828 ὀχείας
1287 3746 1340 3808 καὶ
1369 3745 1483 3816 ὠδῖνος

357 4102 378 4168 ¹)
398 4106 494 4175 Comp.
513 4107 623 4162 Aristot.
642 4106 709 4160 Hist.
729 4108 814 4162 anim.
834 4108 875 4171 vl,
895 4107 911 4159 2
930 4125 957 4176 p.
977 4106 1057 4160 5591)
1077 4105 1111 4160 20
1124 4121 1164 4174 sq·
1184 4107 1267 4162 Bekk.

357 4189 378 4255 ²)
397 4194 459 4250 Vid.
478 4195 563 4262 paulo
582 4195 656 4248 infra
674 4209 701 4261 p.
720 4192 755 4247 38
773 4195 790 4248 s.

357 4277 378 4347 ³)
397 4281 493 4350 Comp.
513 4281 653 4337 animadv.
679 4281 738 4336 eius
762 4282 798 4336 ad
820 4282 848 4335 h.
867 4283 897 4337 l.:
927 4283 1049 4350 ‘eiusque
1068 4281 1240 4344 (Aristotelis)
1263 4283 1345 4338 ductu
1368 4283 1481 4338 fortasse

397 4367 603 4436 refingendum'.
