3306 5144
876 451 935 512 142

305 661 341 724 ρ.
370 639 576 723 149o(cop.
602 639 685 722 III).

394 762 496 831 οὕτως
527 762 546 842 ἡ
579 761 650 842 περὶ
683 760 717 825 σὲ
746 763 795 825 διὰ
822 761 876 825 τὸν
903 762 1000 826 τόπον
1029 764 1215 846 ἀμαύρωσις
1243 767 1262 845 ἢ
1290 765 1477 835 ταπείνωσις

309 885 439 965 γένηται.

393 1004 447 1068 Sic
480 1025 582 1088 prave
613 1003 704 1084 libri;
739 1005 930 1070 Heroherus
964 1013 997 1070 et
1025 1005 1250 1071 Bernardakis
1283 1008 1367 1071 οὕτω
1400 1008 1475 1089 περὶ

307 1126 369 1189 κτλ.
388 1125 600 1210 scripserunt,
620 1126 708 1191 hanc
722 1125 991 1192 emendationem
1003 1126 1262 1212 Wyitenbeohio
1274 1127 1470 1195 tribuentes.

307 1247 480 1331 cumipse
503 1247 760 1333 Wyitenbaohio
783 1255 865 1312 reste
876 1247 898 1332 ¹)
920 1248 1077 1313 Reiskius
1099 1257 1216 1314 auctor
1238 1251 1309 1314 eius
1332 1251 1384 1328 sit,
1408 1251 1472 1334 qui

306 1391 341 1434 re
370 1390 450 1434 vera
476 1390 546 1435 non
573 1371 675 1440 οὕτως
700 1370 771 1451 περὶ
800 1368 858 1434 sed
881 1371 996 1434 οὑτωσί
1017 1371 1088 1454 περὶ
1110 1369 1164 1435 vei
1185 1373 1269 1435 οὕτω
1292 1372 1346 1434 καλ
1368 1370 1474 1436 scribi

306 1491 411 1556 iussit.
457 1491 614 1556 Halmius
624 1492 657 1576 2),
681 1491 740 1576 qui
758 1497 790 1556 et
808 1491 879 1576 ipse
897 1491 1026 1556 Reiskii
1042 1493 1281 1557 correctionem
1296 1493 1471 1576 ignorasse

306 1613 448 1691 videtur,
471 1612 644 1698 aliquanto
666 1611 871 1697 probabilius
894 1619 927 1677 et
949 1612 1060 1697 aptius
1080 1615 1164 1677 οὕτω
1189 1614 1227 1696 δή
1253 1613 1470 1679 scribendum

306 1755 377 1800 esse
400 1734 538 1799 sensuit.

300 2117 336 2181 p.
361 2097 460 2164 rere
481 2097 570 2183 (cop.
601 2098 694 2179 VII).

390 2268 396 2280 .
421 2269 427 2281 .
451 2269 457 2281 ,
480 2220 527 2289 ὡς
548 2220 610 2301 ἄρα
634 2220 809 2283 διαλύσαιτο
831 2219 887 2301 τὴν
907 2220 988 2301 πρὸς
1007 2218 1143 2282 Σόλωνα
1162 2219 1266 2299 φιλίαν
1283 2219 1337 2281 καὶ
1356 2220 1470 2292 ξενίαν,

304 2341 350 2402 ὅτι
371 2340 444 2410 τοὺς
465 2342 584 2424 νόμους
606 2342 624 2404 ὁ
645 2341 761 2404 Σόλων
783 2343 844 2423 ἔφη
868 2340 1092 2423 μετακινητοὺς
1114 2340 1199 2403 εἶναι.

390 2462 443 2527 Sic
472 2461 563 2541 iibri;
592 2463 659 2526 iam
689 2460 968 2546 Wyttenbaohius
1001 2462 1052 2545 ίμὴ
1088 2462 1233 2545 κινητοὺς
1260 2462 1400 2538 maluit',
1432 2463 1471 2528 in

304 2584 472 2650 animadv.
504 2584 594 2648 idem
622 2584 667 2666 μὴ
695 2584 931 2666 μετακινητοὺς;
965 2584 1116 2667 neglecto
1145 2584 1240 2648 hiatu
1268 2583 1329 2647 Th.
1359 2583 1471 2648 Dooh-

306 2726 406 2769 nerus
436 2705 606 2770 Herohero
632 2711 715 2769 teste
743 2705 986 2787 ἀμειακινητούς
1008 2705 1163 2782 comedim
1196 2706 1287 2769 huno
1310 2725 1351 2769 ex
1373 2711 1470 2790 parre

307 2834 440 2891 secutus
463 2827 533 2912 ipse
553 2826 753 2904 Heroherus,
776 2833 815 2890 ut
836 2826 968 2890 hiatum
986 2826 1124 2904 tolleret,
1147 2829 1263 2909 ἔφησεν
1282 2828 1471 2911 ἀμετακινη-

306 2950 379 3019 τούς
411 2950 447 3012 in
477 2948 621 3013 editione
649 2969 710 3012 sua
737 2949 863 3032 posuit;
897 2947 1120 3012 Bernardakis
1150 2947 1288 3012 alteram
1321 2949 1471 3033 Wyiteu-

307 3069 417 3134 bachii
440 3070 665 3135 coniecturam
689 3069 745 3153 (μὴ
768 3070 1002 3153 μετακινητούς)
1027 3070 1136 3154 speeie
1156 3068 1414 3154 probabiliorem
1433 3073 1470 3135 in

306 3198 437 3255 textum
465 3193 597 3277 recepit.
653 3191 760 3258 Valde
784 3190 910 3269 dubito,
944 3192 1072 3256 haecine
1106 3191 1247 3257 mutatio
1281 3193 1470 3256 necessaria

307 3315 349 3377 sit
377 3313 431 3380 vel
458 3313 569 3397 potius
598 3313 735 3376 omnino
764 3314 842 3377 ferri
873 3314 985 3398 possit.
1036 3313 1196 3378 Voluiine
1224 3334 1259 3378 re
1289 3334 1369 3379 vera
1392 3313 1469 3378 Solo

306 3435 393 3520 loges
422 3457 491 3500 non
517 3435 641 3498 mutari
669 3435 790 3518 posse?
838 3434 947 3499 Immo
983 3434 1164 3499 mutandas
1201 3456 1256 3499 eas
1284 3455 1353 3499 non
1380 3434 1468 3499 illioo

306 3557 364 3622 sed
385 3563 534 3642 tempore
556 3556 746 3620 intermisso
768 3556 906 3634 censuit,
931 3557 970 3620 ei.
984 3555 1108 3620 Herod.
1132 3556 1157 3632 Ι,
1172 3560 1226 3634 29;
1249 3554 1335 3619 Plut.
1356 3554 1466 3620 Solon.

306 3701 376 3763 cap.
395 3678 496 3743 XXV
509 3678 590 3742 inin:
614 3678 703 3760 ἰσχὺν
726 3678 760 3741 δὲ
781 3685 844 3748 τοῖς
866 3679 975 3760 νόμοις
997 3684 1090 3741 πᾶσιν
1112 3679 1154 3747 εἷς
1176 3677 1288 3740 ἑκατὸν
1310 3677 1469 3746 ἐνιαυτοὺς

305 3801 422 3876 dcimam
458 3799 559 3862 etiam
597 3800 768 3882 νομοθέται
806 3798 849 3864 ab
888 3799 1005 3863 eodem
1037 3800 1185 3884 primum
1216 3798 1362 3862 instituti
1395 3818 1466 3862 esse

305 3923 476 3996 feruntur3
490 3920 529 3982 oi.
549 3919 741 3984 Sohbmann
754 3920 884 3984 Grieoh.
894 3920 1121 3985 Alterbhiimer
1132 3920 1148 3983 I
1161 3941 1191 4004 p.
1205 3922 1266 3984 413
1279 3919 1328 3983 ed.
1337 3923 1365 3984 3.
1389 3919 1468 3983 Huc

305 4041 434 4108 accedit
454 4040 545 4124 quod
568 4042 755 4125 sequentia:
779 4042 833 4104 καὶ
850 4043 914 4124 ἐγὼ
937 4090 943 4103 .
963 4091 968 4103 .
988 4091 993 4103 .
1016 4042 1169 4104 πολιτείαν
1190 4060 1289 4103 sensu
1308 4047 1466 4118 carerent,

1205 4227 1460 4234 ——..—--

342 4343 361 4406 ¹)
381 4345 440 4399 Vid.
459 4347 553 4398 annot.
572 4343 632 4396 eius
651 4343 707 4396 crit.
730 4343 766 4396 ad
785 4343 812 4394 h.
831 4344 848 4395 l.

342 4433 362 4494 Δ’λ
381 4433 512 4488 Zeitschr.
532 4432 548 4484 f.
569 4431 594 4484 d.
613 4432 818 4486 Alierthumsw.
839 4429 907 4484 1842
926 4447 952 4498 p.
974 4428 1051 4481 1039.
