3306 5144
849 479 909 541 138

78 677 188 792 sf
300 667 465 752 loquatur,
521 669 663 733 Tollitur
684 669 756 734 haec
779 668 956 734 difficultas
978 671 1137 737 facillima
1159 671 1212 737 vel
1235 671 1346 756 potius
1368 671 1465 737 nulla

63 806 69 819 ‘
300 811 403 875 prope
436 790 654 866 correctione;
685 789 897 855 scribendum
933 793 1023 856 enim
1056 814 1125 858 nou
1159 795 1235 874 αὕτη
1268 795 1371 857 τοίνυν
1404 795 1464 860 sed

56 801 132 1295 ᾗ
177 830 254 1059 f
263 891 275 906 κ
290 894 376 993 aaa
405 913 516 974 τοίνυν.
572 912 885 996 Interpungendum
911 919 1075 977 commate
1104 921 1180 998 post
1207 921 1271 984 τοῖς
1298 922 1463 997 γαμοῦσιν,

188 1013 249 1183 f}
300 1011 370 1097 non
402 1039 441 1096 ut
473 1033 509 1096 in
538 1031 706 1117 plerisque
735 1032 938 1098 editionibus
966 1042 1041 1120 post
1071 1036 1251 1117 ἀναμίξασα
1286 1057 1364 1100 nam
1394 1037 1464 1103 duo

217 1189 221 1196 ,
299 1153 356 1217 illa
392 1153 568 1239 participia
605 1157 849 1237 καταχεαμένοις
881 1156 934 1218 καὶ
967 1157 1133 1238 ἀναμίξασι
1165 1177 1234 1220 non
1267 1157 1465 1242 simpliciter

299 1275 510 1340 antecedenti
538 1282 691 1358 γαμοῦσιν
719 1277 928 1362 appositione
957 1276 1117 1342 adiuncta
1146 1283 1234 1355 sunt,
1269 1278 1327 1343 sed
1349 1280 1396 1345 ita
1418 1282 1464 1346 ad

299 1397 506 1462 infinitivum
538 1398 682 1480 ἡγεῖσθαι
709 1398 881 1476 trahenda,
921 1406 960 1463 ut
992 1404 1101 1462 totum
1135 1397 1219 1461 illud
1247 1403 1463 1467 enuntiatum

228 1609 230 1616 Α
298 1521 341 1588 εἰς
362 1520 438 1600 μίαν
460 1520 569 1583 οὐσίαν
592 1569 597 1581 .
622 1569 628 1581 .
652 1569 658 1581 .
680 1520 781 1602 μηδὲν
803 1521 963 1602 ἀλλότριον
985 1520 1083 1604 quasi
1100 1521 1309 1604 appositione
1327 1522 1466 1589 adiune

298 1647 371 1704 turn
395 1641 582 1704 accuratius
605 1640 756 1725 explicet,
780 1641 863 1727 quid
884 1642 927 1706 sit
949 1643 1202 1724 αὑτὴ-κοινωνία.

292 2021 329 2084 p.
354 2001 454 2067 143a
475 2003 562 2085 (cop.
590 2002 776 2075 XXXIV).

383 2124 442 2204 οὐχ
479 2125 527 2185 ἵνα
565 2124 704 2206 μηδενὸς
740 2126 1023 2207 μεταλαμβάνωσιν
1055 2123 1118 2186 ἀλλ’
1154 2125 1203 2186 ἵνα
1236 2125 1336 2185 πάντα
1369 2122 1464 2185 κοινά

298 2246 475 2326 νομίζωσιν.

382 2365 535 2430 Fortasse
558 2374 633 2449 post
653 2367 935 2448 μεταλαμβάνωσιν
953 2387 1022 2430 non
1041 2364 1134 2428 nulla
1153 2365 1349 2429 exciderunt
1367 2364 1465 2430 velut

296 2493 360 2549 τῶν
383 2488 533 2570 ἀλλήλων,
555 2490 619 2569 μετ1
645 2488 788 2570 ἀλλήλων
810 2487 863 2552 vel
885 2486 1013 2570 aliquid
1035 2487 1105 2551 eius
1128 2485 1230 2564 rnodi,
1259 2486 1350 2571 quod
1373 2507 1464 2571 aegre

296 2609 351 2673 hic
374 2607 588 2672 desideratur.

294 3009 327 3073 p.
353 2987 456 3052 144ά
481 2996 570 3071 (cop.
590 2987 739 3067 XLIV).

382 3110 446 3172 ἐπεὶ
472 3110 575 3172 τοίνυν
601 3115 696 3172 ταῦτα
723 3110 897 3190 πάσχουσιν
926 3109 964 3171 οὗ
991 3108 1214 3189 μυριζομένων
1240 3112 1304 3169 τῶν
1332 3107 1464 3189 ἀνδρῶν

210 3221 213 3226 ’
296 3231 372 3295 ἀλλὰ
402 3232 655 3312 συγγιγνομένων
685 3231 825 3311 ἑταίραις,
855 3229 966 3292 άὸικόν
995 3230 1073 3291 ἐστιν
1096 3278 1102 3290 .
1127 3277 1132 3289 .
1157 3276 1163 3290 .
1185 3228 1230 3310 μὴ
1255 3278 1261 3289 .
1285 3277 1291 3289 .
1315 3277 1321 3289 .
1345 3228 1463 3309 ἁγνοὺς

295 3355 349 3418 καὶ
371 3353 609 3433 καθαρεύοντας
631 3351 746 3432 ἑτέρων
769 3352 934 3420 συνουσίας
955 3352 1115 3431 προσιέναι
1136 3356 1201 3418 ταῖς
1224 3351 1368 3430 γυναιξίν,

382 3476 506 3539 Parum
525 3479 601 3557 apte
618 3473 652 3535 in
672 3493 707 3536 re
724 3478 794 3536 tarn
806 3471 986 3535 manifesta
998 3471 1188 3534 criticorum
1200 3491 1339 3534 munere
1351 3470 1461 3536 functi

296 3604 376 3661 sunt
398 3595 548 3661 editores.
603 3593 718 3678 Usque
740 3592 784 3657 ad
808 3591 1107 3677 Wyttenbachium
1136 3611 1252 3655 omnes
1274 3597 1402 3670 tacent;
1431 3592 1460 3656 is

296 3719 426 3803 primus
448 3715 620 3794 intellexit,
644 3737 714 3779 non
733 3720 996 3778 consentaneum
1013 3734 1093 3791 esse,
1116 3712 1219 3777 altero
1236 3712 1308 3778 loco
1326 3714 1461 3795 ἑταίραις

296 3837 448 3914 τιταίνετο,
482 3836 584 3901 altere
618 3838 742 3918 ἑτέρων.
794 3834 859 3900 Sed
889 3835 1000 3900 nescio
1030 3833 1198 3919 quomodo
1226 3833 1326 3898 etiam
1356 3835 1460 3918 priori

296 3961 369 4026 loco
409 3960 526 4039 ἑτέραις
563 3956 810 4022 restituendum
849 3978 919 4022 esse
960 3978 1135 4042 perperam
1169 3955 1293 4020 statuit.
1355 3955 1460 4022 Hunc

296 4080 496 4146 Duebnerus
518 4077 554 4140 in
577 4097 639 4142 seo.
660 4077 737 4143 edit.
762 4078 962 4157 Hercherus,
986 4077 1209 4143 Bernardakis
1231 4077 1330 4142 tacite
1353 4079 1461 4144 secuti

296 4209 390 4280 sunt;
419 4207 452 4266 et
481 4220 523 4264 ex
551 4218 667 4263 eorum
697 4199 828 4265 silentio
856 4199 966 4284 colligi
988 4206 1098 4285 potest
1119 4199 1459 4282 scripturam-&toan

296 4325 414 4390 saltem
443 4323 479 4385 in
507 4341 575 4385 uno
605 4319 717 4385 codice
745 4327 884 4387 exstare.
939 4319 1023 4384 Mihi
1046 4317 1187 4382 dubium
1205 4325 1349 4397 nonest,
1373 4321 1458 4404 quin

296 4444 412 4532 procul
435 4466 455 4509 a
477 4463 556 4509 vero
579 4443 763 4508 erraverint
784 4443 848 4508 viri
870 4440 918 4505 illi
937 4440 1034 4517 docti,
1058 4447 1092 4504 et
1113 4461 1181 4504 non
1198 4439 1299 4506 modo
1316 4440 1458 4506 retinen-
