3306 5144
706 438 747 502 87

134 649 166 713 ρ.
191 628 264 695 79e
284 627 374 714 (cop.
406 629 519 712 VIII).

220 749 282 812 εἶτα
309 749 391 830 πρὸς
418 750 529 813 ἑαυτὸν
554 748 591 830 ἐῶ
610 748 782 834 Ἠράκλεις’
807 751 879 834 ἔφη,
911 750 965 830 ιὼς
986 750 1080 814 οὐδέν
1101 749 1163 812 ἐστι
1183 748 1299 832 μικρὸν

137 870 203 933 οὐδ’
229 871 369 944 ἀσθενές,
392 872 411 934 δ
432 871 478 954 μὴ
502 873 624 954 ζήσεται
645 871 772 954 τολμῶν
794 872 990 954 ἀμύνεσθαί.

218 991 347 1056 Eadem
366 1012 418 1056 res
435 991 555 1056 iisdem
571 991 639 1057 iere
659 991 769 1058 verbis
787 998 943 1058 narratur
961 991 1173 1077 Apophthag.
1187 1011 1253 1075 reg.
1266 997 1300 1056 ot

136 1113 214 1198 imp.
239 1135 272 1198 p.
298 1112 406 1192 190b;
430 1112 642 1199 Apophtheg.
664 1113 739 1178 Lac.
763 1135 795 1199 p.
820 1117 927 1192 21903
952 1119 1094 1198 utroque
1116 1112 1189 1177 loco
1211 1119 1298 1176 recte

134 1234 168 1297 in
195 1233 291 1298 libris
319 1240 427 1299 exstat
454 1236 556 1306 οὕτως
583 1235 677 1299 οὐδέν
704 1234 757 1301 vel
779 1241 909 1300 mutato
932 1233 1048 1299 ordine
1071 1233 1165 1298 οὐδὲν
1187 1235 1298 1304 οὕτως.

133 1355 247 1420 Nihilo
259 1356 373 1420 minus
389 1361 504 1420 nostro
520 1355 592 1421 loco
611 1377 751 1441 pravam
770 1356 924 1421 codicum
942 1355 1143 1440 scripturam
1159 1362 1298 1440 excepto

133 1476 280 1548 Roiskio,
304 1477 364 1561 qui
385 1476 558 1561 aiiquanto
580 1477 760 1542 violentius
782 1498 887 1562 quarn
908 1497 1041 1542 neccsse
1064 1483 1135 1542 erat
1156 1477 1298 1542 coniecit

28 1603 30 1622 '
134 1599 228 1662 οὐδέν
239 1600 320 1662 ἔστιν
331 1600 434 1669 οὕτως
443 1597 568 1681 μικρόν,
580 1598 742 1663 intactam
753 1598 961 1683 reliquerunt
972 1598 1078 1663 critici
1091 1603 1124 1662 ct
1138 1596 1295 1676 editores;

132 1740 191 1783 nec
207 1719 491 1804 Wyttenbachius
500 1718 523 1804 1)
546 1719 777 1785 difficultatem
798 1742 868 1785 non
890 1719 991 1798 videt,
1014 1719 1073 1785 sed
1095 1720 1178 1784 mire
1201 1740 1297 1785 excu-

131 1847 180 1904 sat
207 1840 351 1926 aliisque
381 1841 543 1926 exemplis
573 1839 750 1906 defendere
774 1847 914 1907 conatur
935 1839 1124 1906 absentiam
1145 1839 1295 1906 adverbii

27 1965 28 1970 ’
131 1964 241 2035 οὕτως,
267 1963 363 2046 quasi
381 1962 453 2027 haec
476 1962 546 2027 sola
569 1960 719 2027 offendat
735 1983 774 2028 ac
791 1984 861 2028 non
883 1963 991 2048 magis
1014 1963 1115 2028 etiam
1134 1962 1217 2027 illud
1240 1963 1295 2036 ὥς,

130 2083 220 2168 quod
257 2083 426 2168 quomodo
454 2084 530 2169 quis
557 2085 645 2148 tueri
671 2085 785 2170 possit,
819 2106 891 2150 non
916 2083 1029 2162 video;
1063 2105 1173 2169 neque
1204 2085 1295 2150 enirn

130 2205 271 2270 omnino
293 2205 365 2270 hacc
387 2204 606 2270 exclamantis
629 2213 717 2272 sunt.
770 2205 854 2270 Mihi
870 2207 972 2276 οὕτως
990 2205 1084 2270 οὐδέν
1101 2207 1162 2270 ἐστι
1179 2207 1295 2290 μικρόν

129 2327 318 2392 necessario
341 2325 556 2392 scribendum
579 2348 649 2392 esse
671 2326 813 2393 videtur.

122 2824 156 2888 p.
178 2804 258 2871 82c
279 2803 367 2888 (cap.
392 2804 472 2886 XI).

208 2926 229 2988 ὁ
264 2925 298 2989 δὲ
330 2926 385 3008 τὴν
418 2926 528 2989 οὐσίαν
560 2931 614 3008 τῆς
647 2923 829 3006 μοχθηρίας
861 2924 981 3005 μᾶλλον
1013 2926 1032 3005 ἢ
1066 2923 1122 3006 τὴν
1160 2924 1290 2998 ἀδοξίαν

128 3046 342 3130 δυσχεραίνων
375 3047 413 3110 οὐ
445 3047 552 3129 φεύγει
584 3044 619 3109 τὸ
652 3050 763 3115 κακῶς
796 3047 931 3109 ἀκοῦσαι
962 3045 1016 3107 καὶ
1045 3046 1139 3107 εἰπεῖν
1167 3045 1216 3108 ἐπὶ
1244 3054 1291 3129 τῷ

126 3168 256 3248 βελτίων
278 3169 430 3249 γενέσθαι.

208 3287 386 3354 Vocabula
416 3289 470 3352 καὶ
504 3291 606 3361 εἰπεῖν,
646 3288 683 3353 in
722 3287 846 3373 quibus
886 3287 1064 3352 manifesto
1103 3289 1291 3373 corruptela

127 3408 241 3494 aliqua
277 3409 357 3474 latet
396 3408 506 3494 (nemo
540 3409 631 3474 enim
664 3409 737 3474 aliis
770 3408 1002 3494 vituperandis
1035 3410 1107 3494 ipse
1139 3408 1289 3474 moribus

126 3529 335 3615 emendatur)
367 3537 503 3626 propter
533 3530 665 3595 hiatum
699 3530 802 3620 deleri
828 3551 898 3594 non
926 3535 1075 3615 possunt.
1132 3531 1290 3615 Suspicor

126 3650 345 3717 Plutarchum
368 3652 536 3737 scripsisse
559 3631 621 3726 nat,
643 3653 672 3716 εἰ
693 3652 746 3726 δεῖ,
769 3635 897 3731 undrim
932 3673 1032 3717 causa
1053 3651 1128 3716 vitii
1149 3651 1288 3716 fortasse

127 3772 198 3852 fuit,
235 3773 327 3858 quod
361 3771 516 3838 librarius
554 3773 676 3858 aliquis
709 3774 746 3837 in
778 3773 953 3838 scribendo
986 3772 1083 3858 plura
1117 3771 1220 3838 verba
1252 3773 1288 3837 in

128 3913 235 3959 unum
267 3895 397 3960 incuria
437 3895 610 3974 conflavit;
652 3895 692 3960 ci.
727 3893 979 3980 Wyttenbachii
1019 3915 1097 3959 ann.
1139 3895 1209 3959 crit.
1244 3894 1288 3959 ad

128 4036 157 4100 p.
178 4020 260 4094 94e,
283 4014 424 4089 meaad
445 4038 477 4101 p.
501 4019 586 4095 aaa
610 4038 641 4102 p.
668 4020 765 4084 1560.

163 4402 185 4473 ¹)
202 4410 233 4464 lu
252 4408 439 4464 animadvers.
458 4407 495 4463 ad
512 4409 540 4463 h.
558 4410 576 4462 l.
