3306 5144
691 456 748 518 141

145 646 343 712 correctione
375 655 455 732 apta
488 646 653 711 sententia
685 646 816 710 restitui
844 666 939 729 posse
968 643 1115 724 videtum
1150 646 1301 730 suspicor

144 769 241 850 enim,
264 767 482 832 Plutarchum
505 768 674 852 scripsisse
698 767 869 849 προβάτων
891 768 953 831 ἔδει
974 769 1099 831 πόλεων
1120 768 1173 832 καὶ
1195 770 1301 831 ἵππων

143 890 193 952 καὶ
214 892 304 972 βοῶν
332 891 447 972 ἄρχειν,
476 891 520 972 μη
545 891 740 972 ἀνθρώπων,
767 889 787 953 i.
818 909 844 954 e.
877 942 891 970 ι.
918 943 923 953 .
950 941 955 953 .
985 889 1022 953 in
1043 910 1202 974 pecorum
1225 889 1302 956 civi·

144 1010 265 1075 tatibus
289 1064 296 1075 .
321 1064 327 1076 .
353 1063 359 1075 .
391 1032 459 1075 non
482 1010 517 1074 iu
540 1011 717 1076 hominum
740 1031 879 1094 regnare
903 1010 1063 1076 debebat'.
1110 1010 1301 1076 Similitudo

142 1133 278 1198 fortasse
300 1154 321 1196 a
343 1132 481 1198 Platone
504 1139 639 1217 sumpta
661 1138 719 1209 est,
744 1133 783 1196 cl.
807 1133 879 1196 eius
902 1132 986 1217 apol.
1007 1107 1150 1198 Socratis
1168 1153 1238 1217 cap.
1251 1133 1301 1196 IV

143 1253 182 1338 (p.
206 1259 246 1321 20
257 1252 363 1336 a—b).

141 1638 172 1701 p.
196 1615 296 1704 14ss
311 1616 400 1699 (cup.
425 1615 507 1697 m),

230 1737 457 1820 Θρασύβουλον
496 1737 556 1818 γὰρ
594 1737 627 1798 ἑν
667 1737 737 1818 ἐμοὶ
774 1737 828 1800 τὸν
865 1739 1034 1819 πέμψαντα
1070 1739 1303 1820 προπηλακίσαι

143 1860 335 1942 βουλόμενος
356 1859 408 1920 καὶ
430 1858 616 1940 καταβαλεῖν
638 1858 685 1927 ὡς
707 1858 746 1940 δὴ
769 1866 928 1940 περιορῶν
951 1859 1045 1940 δῆλός
1067 1861 1153 1922 ἐστιν.

227 1979 398 2044 Herchero
417 1979 580 2044 assentior
597 1979 763 2064 equidem,
783 1979 896 2045 locum
914 1987 1107 2065 corruptum
1121 2003 1201 2060 esse,
1215 2003 1301 2060 curn,

144 2108 309 2184 quantum
338 2100 414 2177 scio,
450 2121 619 2184 nusquam
641 2101 677 2164 in
706 2123 804 2186 prosa
831 2103 980 2166 oratione
1008 2103 1073 2166 nisi
1100 2103 1185 2168 forte
1212 2103 1303 2188 apud

145 2221 354 2288 Herodotum
384 2224 502 2308 (comp.
532 2222 656 2288 Herod.
685 2223 760 2301 VH,
792 2222 864 2306 224)
894 2225 940 2293 ῶς
968 2245 1028 2308 pro
1064 2225 1116 2286 ἅτε
1149 2232 1302 2308 ponatur,

145 2342 201 2408 sed
222 2343 419 2421 remedium,
443 2343 534 2438 quod
556 2343 702 2422 adhibet,
727 2344 860 2409 delendi
882 2343 985 2408 verba
1005 2345 1051 2414 ῶς
1074 2346 1113 2428 δὴ
1136 2353 1303 2428 περιορῶν,

145 2467 280 2530 omnino
335 2453 557 2550 improbabile
613 2466 698 2530 mihi
745 2466 892 2544 videtur;
956 2466 992 2529 in
1049 2466 1113 2530 hoc
1171 2488 1303 2531 mecum

146 2588 309 2652 consentit
341 2587 590 2651 recentissimus
623 2586 730 2652 editor
762 2588 995 2666 Bernardakis,
1029 2610 1049 2652 a
1079 2609 1145 2672 quo
1179 2590 1304 2654 intacta

145 2708 388 2793 relinquuntur.
455 2708 601 2775 Facilius
642 2717 675 2774 et
718 2709 924 2794 probabilius
963 2732 1080 2774 seusus
1119 2711 1305 2775 restituitur

145 2851 203 2914 pro
253 2830 376 2896 tradita
423 2831 588 2915 scriptura
641 2832 827 2914 καταβαλεῖν
881 2833 927 2902 ῶς
974 2831 1012 2913 δὴ
1057 2838 1216 2914 περιορῶν
1259 2834 1305 2896 ita

147 2951 336 3016 scribendo:
371 2953 608 3036 καταβαλΕΙΝ,
641 2952 802 3022 ΔΕΙΝῶς
824 2954 862 3036 δη
886 2960 1053 3035 περιορῶν,
1085 2954 1104 3017 i.
1129 2975 1154 3017 e.
1182 2961 1305 3038 ‘utpote

147 3073 204 3155 qui
215 3094 294 3136 eum
308 3073 524 3138 vehementer
536 3073 715 3158 neglegat’;
739 3075 967 3159 suffragantur
983 3076 1062 3143 huic
1079 3075 1306 3140 emendationi

146 3201 178 3257 et
192 3194 379 3259 litterarum
397 3195 580 3260 similitudo
598 3202 631 3259 et
648 3197 927 3280 frequentissimae
945 3197 1099 3261 codicum
1116 3206 1305 3264 nostrorum

146 3316 286 3381 maiores
320 3317 509 3381 minoresve
539 3317 677 3382 lacunae.
734 3319 851 3388 Δεινῶς
878 3318 968 3383 valet
1000 3319 1224 3396 vehementer,
1265 3321 1304 3382 cl.

31 3475 32 3482 ι
146 3435 235 3502 locus
263 3459 399 3523 prorsus
427 3437 544 3502 similis
566 3437 670 3503 libelli
692 3439 732 3504 de
762 3447 851 3503 recta
884 3441 1012 3505 ratione
1046 3439 1205 3504 audiendi
1234 3460 1304 3524 cap

31 3565 32 3618 ἶ
147 3558 228 3626 XVI
250 3559 343 3643 (Mor.
366 3581 397 3644 p.
422 3563 463 3626 46
475 3559 507 3644 d)
531 3560 630 3643 (νέου)
654 3561 862 3642 ἀνελευθέρου
884 3561 966 3632 τινὸς
988 3562 1105 3630 δεινῶς.
1158 3560 1307 3624 Verbum

31 3715 32 3742 ι
148 3688 284 3763 περιορῶ
312 3680 483 3745 interdum
505 3681 598 3745 nullo
621 3680 735 3745 addito
757 3681 932 3766 participio
955 3683 1185 3748 accusativum
1207 3684 1306 3766 regit;

148 3803 185 3867 cl.
216 3803 302 3867 Plut.
334 3803 416 3867 Mor.
448 3824 479 3887 p.
511 3803 577 3868 eof
606 3809 640 3866 et
668 3803 725 3867 vit.
750 3802 898 3867 Marcelli
928 3824 997 3888 cap.
1023 3804 1105 3869 XIV
1136 3804 1176 3888 (p.
1200 3806 1306 3889 ebal),

31 3973 32 4000 η
147 3923 204 3988 ubi
229 3924 363 4009 passiva
384 3924 494 3988 forma
516 3924 660 3988 occurrit
683 3924 853 4007 (μηχανικὴ
878 3975 883 3986 .
908 3975 914 3987 .
938 3975 944 3987 .
967 3927 1187 4009 περιορωμένη
1210 3927 1308 3989 πολὺν

31 4095 32 4098 ,
146 4046 260 4128 χρόνον
292 4045 355 4110 ὑπὸ
386 4046 595 4129 φιλοσοφίας).
648 4045 729 4110 Post
755 4045 858 4111 verba
886 4048 996 4116 δεινῶς
1025 4046 1062 4130 δὴ
1090 4053 1249 4130 περιορῶν
1277 4055 1309 4112 et

147 4174 222 4232 ante
246 4189 285 4232 ea
308 4175 472 4232 commate
490 4165 811 4251 interpungendum,
835 4169 960 4253 quippe
978 4190 1054 4252 quae
1071 4176 1307 4252 argumentum

147 4289 297 4372 afferant,
339 4288 429 4353 unde
474 4287 584 4372 colligi
623 4288 729 4372 possit
767 4289 812 4351 ὅτι
846 4291 1078 4374 προπηλακίσαι
1116 4291 1310 4372 βουλόμενος

149 4411 241 4492 δῆλός
263 4413 349 4474 ἐστιν.
