3306 5144
853 432 894 494 86

377 623 469 687 Dure
500 629 532 688 et
559 623 734 688 rarissime¹
756 624 847 705 μόλις
875 629 908 687 et
930 623 992 705 ὂιμέ
1014 622 1061 687 sio
1082 622 1173 687 nude
1196 629 1456 707 componuntur,

295 765 373 808 cum
410 743 491 809 alibi
528 765 660 829 semper
686 744 920 809 coniunctione
953 745 1009 807 καί
1037 744 1231 827 iungantur.
1292 742 1458 808 Hercheri

260 847 520 930 xconiecturum
548 866 639 947 μόλις
660 867 735 928 ποτέ
757 865 914 950 equidem
936 887 1005 930 non
1027 863 1249 950 repudiarem,
1283 865 1350 930 nisi
1371 865 1457 930 mihi

139 928 234 1080 pff)
266 932 492 1070 ipersuesum
530 993 624 1064 esset,
665 985 776 1052 locum
816 993 969 1051 nostrum
1008 985 1050 1050 cd
1090 1006 1306 1051 communem
1338 986 1457 1051 solutae

55 1077 133 1174 ii
296 1108 453 1172 orationis
487 1106 765 1173 consuetudinem
798 1107 1025 1174 revocandum
1057 1128 1128 1172 esse
1161 1106 1336 1173 scribendo
1365 1108 1458 1190 μόλις

296 1229 350 1292 καὶ
372 1229 433 1311 ὀψὲ
454 1229 589 1300 πολλοὺς
610 1230 673 1293 κτλ.

288 1629 325 1693 μ.
350 1609 422 1675 79ε
443 1607 532 1693 (cap.
564 1608 677 1690 VIII).

377 1730 485 1812 ὥσπερ
509 1729 569 1811 γὰρ
591 1730 719 1793 ἄνθεσιν
748 1729 864 1811 ὁμιλεῖν
886 1730 905 1791 ὁ
926 1729 1110 1812 Σιμωνίδης
1139 1729 1216 1811 φησὶ
1237 1729 1293 1810 τὴν
1314 1730 1457 1812 μέλιτταν

296 1851 425 1931 ίξανθὸν
450 1852 520 1933 μέλι
548 1852 753 1933 μηδομέναν,
782 1852 812 1913 οἱ
839 1851 865 1912 d’
898 1851 984 1914 ἄλλοι
1011 1850 1112 1933 χρόαν
1134 1851 1239 1913 αὐτῶν
1267 1852 1321 1914 καὶ
1342 1852 1455 1934 ὀσμήν,

293 1974 397 2054 ἕτερον
420 1972 544 2036 ὃόὐὸὲν
566 1973 730 2054 ἀγαπῶσιν
752 1972 827 2035 otte
849 1972 1061 2053 λαμβάνουσιν
1084 1972 1167 2034 οὕτω
1190 1973 1252 2035 ιιτλ,

378 2092 469 2157 Bene
498 2093 690 2177 Madvigius
717 2114 777 2179 pro
806 2095 889 2157 οὕτω
918 2092 1059 2157 coniecit
1086 2093 1189 2162 οὕτως
1215 2094 1242 2165 ὁ,
1277 2093 1333 2158 sed
1362 2094 1457 2159 aliud

295 2214 457 2278 mendum
469 2215 634 2279 intactum
646 2214 793 2299 reliquit:
816 2215 872 2298 τὴν
888 2215 1028 2296 μέλιτταν
1044 2219 1077 2278 et
1095 2216 1125 2277 οἱ
1143 2215 1229 2278 ἄλλοι
1247 2215 1456 2301 ineptissime

292 2336 381 2400 inter
398 2356 431 2400 se
449 2336 583 2421 opponi,
607 2336 683 2420 quis
701 2357 769 2400 non
786 2335 900 2401 videt?
944 2335 1012 2400 Vix
1030 2334 1182 2400 dubitare
1199 2337 1315 2420 poesie,
1339 2344 1456 2404 utrum

293 2459 522 2544 significentur
550 2458 666 2524 omnia
694 2458 760 2521 alia
781 2457 940 2521 animalia
962 2463 1082 2540 praeter
1104 2477 1211 2541 apem,
1246 2464 1279 2522 et
1300 2459 1455 2525 homines

293 2587 326 2645 et
354 2580 478 2658 bestiae,
507 2601 549 2644 sn
579 2578 640 2643 soli
667 2578 829 2643 homines.
884 2576 973 2642 Illud
1006 2578 1096 2642 enim
1129 2578 1201 2642 fieri
1234 2601 1302 2644 non
1335 2587 1455 2666 potest,

292 2701 383 2787 quod
411 2701 526 2767 bestiae
547 2701 644 2766 flores
666 2721 735 2764 non
758 2698 928 2764 olfaciunt.
983 2699 1112 2764 Verum
1140 2698 1233 2764 haud
1260 2701 1357 2766 facile
1389 2724 1457 2768 cre-

293 2823 444 2900 diderim,
473 2823 581 2886 ullum
603 2821 798 2906 scriptorem
820 2827 914 2886 tauta
935 2820 1070 2885 licentis
1091 2820 1333 2886 vocabulorum
1356 2823 1456 2908 signi-

295 2944 465 3009 ficationes
487 2943 648 3021 turbasse,
677 2950 716 3006 ut
742 2963 802 3027 pro
832 2944 863 3006 οῖ
884 2944 1083 3024 δ’ἄνιλρωποι
1104 2943 1253 3027 posuerit
1275 2947 1305 3008 οἱ
1328 2945 1453 3010 δ’ἄλλοι.

292 3065 401 3149 Igitur
437 3065 501 3130 hoc
541 3066 622 3142 loco,
663 3086 744 3128 nem
783 3064 949 3128 sententia
986 3063 1166 3131 verborum
1205 3066 1384 3132 manifesto
1423 3071 1455 3132 οῖ

294 3187 492 3270 δ’ἅνιλρωποι
518 3186 656 3270 flagitat,
684 3185 806 3252 vitium
833 3185 922 3263 latet,
952 3186 1022 3251 sine
1046 3184 1148 3250 dubio
1171 3208 1189 3251 e
1212 3188 1410 3273 compendio
1433 3211 1454 3253 a

292 3308 427 3373 librario
449 3308 561 3392 aliquo
584 3327 686 3392 prave
709 3305 817 3371 soluto
839 3312 967 3386 ortum;
990 3329 1071 3371 nam
1092 3308 1128 3371 in
1146 3308 1327 3394 archetypo
1342 3317 1453 3375 vetere

293 3431 455 3516 seriptum
484 3437 555 3495 erat
576 3450 646 3493 non
660 3399 817 3492 tumor
834 3427 891 3492 seu
909 3417 1034 3493 ’Arci
1058 3429 1078 3494 i.
1110 3450 1136 3494 e.
1161 3428 1453 3516 mueronem)

292 3552 420 3618 Eadem
437 3552 604 3629 correctio,
628 3571 696 3635 que
712 3549 868 3613 Reiskius
880 3549 966 3614 Plut.
981 3550 1095 3615 Moral.
1114 3573 1146 3636 p.
1162 3553 1252 3618 ll5e
1268 3553 1453 3636 genuinam

292 3674 437 3738 restituit
475 3675 684 3759 scripturam,
725 3671 864 3736 fortasse
904 3670 1096 3738 adhibenda
1134 3679 1183 3737 est
1221 3673 1323 3737 etiam
1360 3674 1453 3759 apud

292 3793 437 3858 Dionem
459 3795 626 3880 Chrysost.
650 3792 812 3870 XXXIII,
836 3795 929 3859 tosa
951 3792 1039 3877 (edit.
1053 3795 1203 3878 Emperii
1214 3793 1377 3874 XXXIII,
1390 3796 1451 3879 47),

294 3914 354 3979 ubi
375 3936 467 3979 nunc
489 3923 598 3980 exstat
619 3923 682 3986 τοῖς
704 3915 807 3984 ἄλλοις
829 3915 921 3984 ὄντας
943 3915 1080 3997 ἀφανεῖς.

291 4151 593 4158 ----

329 4321 349 4387 ’)
369 4326 407 4382 cf.
433 4325 465 4380 N.
490 4325 647 4380 Lehmann:
679 4325 727 4378 Die
754 4324 1024 4394 tuchygraphischen
1047 4323 1252 4392 Abktirzungen
1280 4326 1328 4381 der
1351 4327 1450 4394 griech.

371 4413 591 4469 Handschrit’ten.
611 4412 722 4482 Leipzig
740 4410 808 4465 1880
826 4428 852 4480 p.
874 4411 949 4464 1-2.
