3282 5146
680 471 721 536 35

118 685 188 726 νων
215 663 269 727 καλ
294 663 402 728 τόπων
429 665 550 746 ἀγρίων
577 663 631 728 καί
659 663 869 746 κολασμάτων
896 662 1103 744 σκυθρωπῶν
1131 665 1170 726 οὗ
1198 666 1281 729 πάνυ

118 784 255 854 πολλοὺς
290 784 551 849 διαλανθάνουσιν
585 786 630 848 ὅτι
661 784 696 848 τὸ
728 785 882 868 μυθῶδες
914 786 1018 854 αὐτοῖς
1049 783 1130 848 πολὺ
1162 785 1215 848 καὶ
1246 785 1281 850 τὸ

119 906 242 987 φεῦδος
263 906 372 988 ὥσπερ
392 913 525 989 τροφαῖς
545 905 581 970 τὸ
603 906 821 989 φαρμακῶδες
843 907 1035 988 ἐγκέκραται.

209 1027 330 1093 »Velut
350 1027 517 1092 alimentis
539 1007 742 1093 venenuml«
780 1026 875 1092 Certe
886 1026 1057 1092 Plutarchi
1073 1027 1280 1112 temporibus

119 1168 191 1214 non
223 1149 330 1232 magis
364 1169 468 1232 quam
500 1149 621 1213 nostris
653 1147 702 1212 ita
729 1148 858 1214 victum
887 1147 1123 1233 quotidianum
1151 1170 1282 1216 veneno

119 1270 260 1334 miscere
299 1290 372 1334 mos
411 1275 495 1348 erat,
537 1275 575 1333 ut
612 1268 691 1334 inde
724 1269 979 1334 similitudinem
1012 1290 1129 1354 capere
1161 1278 1281 1356 posset.

119 1389 240 1475 Itaque
280 1388 572 1475 Wyttenbachi01)
616 1389 789 1474 vulgatam
829 1391 1028 1476 scripturam
1072 1392 1282 1458 commodam

120 1511 323 1576 sententiam
351 1510 474 1577 habere
508 1512 646 1595 neganti
679 1511 776 1578 facile
812 1513 989 1590 assentior,
1025 1513 1250 1579 coniecturam
1260 1513 1283 1599 ²)

122 1633 203 1711 eius,
233 1631 274 1697 de
297 1654 365 1717 qua
386 1633 457 1718 ipse
479 1654 550 1698 sese
572 1639 672 1698 antea
694 1632 792 1700 valde
814 1632 984 1698 dubitasse
1007 1634 1191 1715 confitetur,
1214 1657 1283 1700 non

122 1774 217 1838 aeque
240 1753 381 1838 probare
404 1775 551 1839 possum,
575 1755 701 1840 quippe
723 1775 799 1840 quae
821 1776 890 1819 non
912 1755 1019 1839 magis
1042 1776 1145 1840 quam
1162 1757 1297 1836 tradita¹

121 1875 287 1960 scriptura
327 1875 370 1941 ad
410 1876 544 1960 singula
575 1875 679 1943 verba
711 1882 798 1942 recte
830 1876 1081 1962 interpretanda
1113 1884 1192 1963 apta
1231 1879 1282 1944 sit.

121 1997 303 2082 Comparat
341 1997 396 2062 ille
436 1997 575 2083 quidem
612 1997 718 2063 alium
755 1997 867 2062 locum
904 1998 1006 2063 huius
1044 1998 1149 2084 ipsius
1181 1999 1285 2066 libelli

121 2118 163 2203 (p.
185 2122 224 2185 16
236 2117 278 2202 b),
297 2139 376 2202 quo,
395 2119 481 2184 sicut
497 2119 670 2204 imagines,
688 2140 765 2204 quae
776 2140 845 2184 non
856 2118 957 2184 modo
968 2119 1065 2184 lineis
1076 2118 1284 2187 adumbrata

122 2238 182 2304 sed
211 2238 376 2304 coloribus
403 2241 502 2325 pictae
524 2241 600 2319 sint,
631 2241 792 2306 maiorem
814 2240 972 2304 effectum
993 2240 1149 2320 habeant,
1177 2243 1224 2306 ita
1246 2264 1286 2309 ea

124 2343 299 2439 carmina,
318 2361 353 2424 in
387 2361 510 2446 quibus
538 2362 615 2427 ficta
644 2368 678 2428 et
705 2383 785 2428 vera
814 2361 894 2426 scite
923 2367 1160 2446 temperentur,
1189 2363 1287 2429 vehe-

121 2483 268 2547 mentius
298 2483 428 2548 animos
459 2486 668 2551 commovere
699 2482 871 2562 dicuntur;
902 2482 960 2548 sed
989 2483 1138 2568 primum
1160 2484 1284 2550 colores
1309 2474 1311 2478 ¹

121 2625 190 2669 non
218 2604 451 2670 immiscentur
480 2603 700 2690 imaginibus,
731 2603 851 2670 deinde
881 2625 1065 2688 nusquam,
1095 2611 1134 2669 ut
1155 2606 1283 2691 opinor,

120 2726 155 2789 τὸ
188 2728 407 2810 φαρμακῶδες
441 2727 481 2792 de
515 2727 639 2804 colore,
680 2726 715 2791 id
753 2725 845 2810 quod
883 2725 939 2790 hic
977 2726 1117 2810 requirit
1155 2713 1283 2807 senene,

121 2847 266 2931 ponitur.
301 2885 343 2893 -
373 2847 503 2932 Itaque,
535 2848 600 2913 hoc
633 2853 755 2914 conatu
781 2848 919 2925 omisso,
952 2846 1054 2910 aliam
1081 2847 1284 2914 medicinam

122 2966 379 3052 probabiliorem
409 2969 726 3055 circumspiciamus
775 2968 874 3033 Ratio
903 2967 988 3032 mihi
1016 2975 1166 3034 constare
1189 2969 1281 3036 vide-

122 3094 230 3167 retur,
261 3089 290 3154 si
324 3089 484 3156 alimenta
519 3112 588 3156 non
624 3091 754 3155 infinite
790 3089 899 3176 posita
932 3095 1057 3168 esseut,
1096 3091 1155 3156 sed
1194 3099 1284 3157 certa

123 3209 278 3294 quadam
312 3210 474 3290 indicata,
516 3234 592 3296 quae
624 3233 755 3279 veneno
787 3212 912 3277 inlecta
944 3233 1014 3278 esse
1046 3212 1134 3277 inter
1166 3234 1282 3279 omnes

123 3336 295 3396 constaret.
342 3331 603 3398 Celeberrimtrm
625 3333 696 3398 eius
719 3333 811 3398 modi
833 3334 1070 3400 alimentorum
1090 3335 1283 3420 exemplum

121 3451 213 3537 apud
242 3450 431 3517 Homerum
460 3460 569 3520 exstat
598 3453 659 3520 Od.
683 3454 725 3533 X,
755 3458 817 3522 233
846 3477 929 3540 sqq,
967 3454 1027 3519 ubi
1054 3455 1147 3519 Circe
1177 3456 1282 3521 socios

124 3573 233 3639 Ulixis
263 3573 362 3658 epulo
391 3575 530 3641 venenis
559 3576 683 3640 inlecto
711 3576 748 3639 in
770 3596 845 3640 sues
868 3582 1090 3641 commutasse
1113 3582 1282 3640 narratur:

228 3696 307 3760 εἷσεν
330 3696 569 3778 δἐίσαγαγοῦσα
590 3697 670 3759 κατὰ
691 3697 843 3778 κλισμούς
864 3721 895 3760 τε
916 3697 1056 3778 δρόνονς
1077 3721 1109 3760 τε

229 3818 262 3880 ἓν
285 3818 321 3881 δέ
342 3841 416 3899 σφιν
437 3818 532 3899 τυρόν
551 3841 583 3881 τε
604 3818 657 3881 καὶ
679 3819 790 3900 ἄλφιτα
807 3818 861 3880 καὶ
876 3818 946 3900 μέλι
962 3816 1089 3899 χλωρὸν

228 3940 305 4020 οἴνῳ
326 3937 502 4021 Πραμνείῳ
525 3940 633 4003 ἐκύκα.
677 3940 822 4021 ἀνέμισγε
844 3939 879 4002 δὲ
901 3941 975 4021 σίτῳ

228 4062 417 4142 φάρμακα
439 4061 553 4142 λύγρ’,
576 4051 751 4143 ἵναπάγχν
773 4060 924 4124 λαθοίατο
943 4061 1092 4143 πατρίδας
1114 4063 1191 4142 αἴης.

49 4277 53 4286 ’
151 4276 170 4340 ¹)
189 4279 220 4332 lu
239 4279 380 4334 animadv.

151 4363 171 4428 ²)
190 4367 304 4431 τροφαῖς
333 4367 361 4421 in
386 4367 501 4434 γραφαῖς
530 4369 631 4422 mutari
658 4367 745 4429 iubet3
773 4367 847 4422 hanc
866 4383 976 4436 quoque
995 4369 1189 4422 correctionem
1210 4386 1281 4424 com·

192 4452 335 4508 mandavit
354 4455 443 4510 Carol.
462 4456 566 4511 Keilius
584 4457 601 4510 l.
620 4457 638 4510 l.
658 4472 684 4523 p.
703 4453 746 4507 36.

1050 4566 1078 4620 3.
