3282 5146
871 421 912 483 68

313 634 382 677 non
419 617 483 676 τῶν
521 612 721 693 αἰδουμένων
757 620 936 697 exspectes.
1003 612 1167 676 Praeterea
1211 631 1297 694 agre
1343 609 1476 674 obiecto

313 738 403 798 caret
439 733 654 817 participium
687 735 967 815 περιπλεκομένης;
1012 733 1126 816 itaque
1156 730 1371 795 scribendum
1401 751 1476 794 esse

231 827 286 1093 Ξ
316 875 448 919 censeo:
473 906 479 918 .
505 906 510 918 .
537 907 542 918 .
572 854 625 916 καὶ
652 855 920 937 περιπλεκομένης
948 855 1144 936 ἑτοιμότερον
1171 851 1260 922 »τοὺς
1282 853 1472 922 πλουσίους<<

315 981 379 1039 τῶν
392 976 560 1057 δεομένων.
584 975 775 1040 Hercherus
788 975 1039 1040 Vulccbianum
1058 981 1190 1039 secutus
1203 995 1263 1058 pro
1275 974 1477 1056 ἑτοιμότερον

316 1097 448 1181 scripsit
468 1097 671 1178 θερμότερον.

310 1352 347 1416 p.
370 1331 443 1396 eae
464 1328 552 1414 (cop.
579 1329 716 1411 XXII).

400 1449 434 1515 εὗ
463 1451 522 1534 γὰρ
551 1453 666 1533 εἴρηται
693 1452 746 1514 καὶ
773 1457 836 1520 τοῖς
858 1450 922 1531 πρὸ
944 1452 1039 1532 ἡμῶν
1062 1451 1154 1532 φίλου
1176 1451 1235 1531 μὲν
1257 1451 1377 1531 ἐκείνην
1399 1449 1479 1514 εἶναι

317 1573 372 1656 τὴν
393 1573 575 1654 ἐπαγγελίαν

478 1695 513 1773 ιεἷ
533 1693 670 1774 δύναμαι
691 1693 808 1756 τελέσαι
831 1718 864 1774 γε
886 1693 939 1756 καὶ
961 1694 990 1756 εἰ
1008 1693 1220 1774 τετελεσμένον
1242 1694 1316 1756 ἐστί’

320 1815 458 1885 κόλακος
495 1815 529 1877 δὲ
560 1815 674 1896 ταύτην
709 1815 799 1893 ίαὔδα
834 1816 878 1877 ὅτι
910 1816 1060 1896 φρονέεις
1096 1814 1149 1877 καὶ
1182 1814 1242 1896 γὰρ
1278 1816 1308 1877 οἱ
1336 1814 1480 1895 κωμικοὶ

319 1936 481 2004 τοιούτους
502 1937 683 2017 εἰσάγουσιν.
735 1935 886 2020 Uterque
921 1916 1037 2000 versus
1060 1934 1217 1999 laudatus
1240 1935 1362 2020 saepius
1385 1935 1479 2020 apud

319 2057 508 2121 Homerum
546 2055 729 2139 occurrit1);
769 2057 829 2141 qui
867 2047 1056 2140 sequuntur
1087 2055 1222 2120 iambici
1256 2057 1378 2120 senarii
1410 2063 1480 2120 tres

321 2180 393 2261 ιε’μέ,
432 2177 608 2261 Νικόμαχε,
646 2179 729 2251 ati),
750 2199 751 2202 ¹
774 2177 898 2262 quibus
931 2184 965 2242 et
998 2177 1080 2262 ipsis
1120 2177 1261 2242 facilitas
1294 2183 1328 2242 et
1359 2178 1479 2242 levitas

318 2299 500 2364 adulatoris
538 2299 574 2363 in
613 2299 838 2384 promittendo
877 2299 1099 2383 exagitantur,
1144 2299 1271 2383 sumpti
1314 2306 1393 2362 sunt
1437 2320 1480 2363 ex

319 2420 491 2486 comoedia
502 2420 689 2495 Menandri,
713 2441 788 2505 quae
811 2442 879 2484 non
902 2419 1064 2503 exstatll
1104 2420 1139 2484 Si
1161 2419 1262 2505 paulo
1285 2404 1480 2504 diligentius

319 2543 410 2607 hunc
443 2542 555 2607 locum
584 2540 915 2618 consideraverimus,
950 2548 1036 2605 certe
1060 2539 1193 2605 difficile
1216 2541 1278 2604 crit
1298 2541 1480 2615 intellectu,

320 2684 387 2747 quo
416 2662 519 2729 verba
544 2663 601 2727 illa
628 2665 681 2727 καὶ
711 2664 977 2747 γὰρ-εἰσάγουσιν
1004 2660 1177 2726 rclcrenda
1205 2662 1288 2740 sint;
1323 2662 1480 2746 equidem

320 2806 389 2849 non
408 2784 515 2861 video,
534 2784 702 2868 quomodo
720 2785 885 2849 sententia
905 2805 981 2848 cum
994 2782 1268 2848 antecedentibus
1281 2784 1480 2863 cohaereant,

317 2907 435 2990 itaque
462 2927 531 2970 non
562 2904 687 2983 dubito,
719 2907 872 2990 quinsic
894 2907 963 2970 lere
985 2905 1154 2989 scripserit
1175 2905 1391 2970 Plutarchus:
1427 2907 1481 2970 καὶ

277 2985 382 3117 ιῗγὰρ
412 3028 442 3090 οὶ
470 3028 608 3109 κωμικοὶ
635 3029 828 3098 τοιούτους
859 3027 1003 3097 αὐτοὺς
1038 3028 1226 3109 εἰσάογυσιν;
1271 3048 1352 3090 nam
1389 3027 1481 3111 quod

322 3148 441 3214 comici
459 3155 565 3233 poetae
582 3150 720 3213 omnino
740 3150 811 3213 eius
829 3148 921 3212 modi
937 3168 1096 3233 personas
1113 3149 1149 3212 in
1167 3168 1302 3212 scenam
1313 3146 1482 3213 inducunt

321 3290 537 3355 nequaquam
555 3277 752 3354 argumento
771 3290 841 3334 esse
859 3275 977 3354 potest,
1001 3268 1182 3334 adulatoris
1199 3270 1236 3332 in
1254 3269 1484 3354 promittendo

322 3392 493 3457 levitatem
509 3390 611 3456 talem
627 3412 707 3469 csse,
734 3391 869 3475 qualem
886 3412 961 3455 eam
972 3390 1172 3455 Plutarchus
1187 3391 1365 3475 expressit;
1390 3390 1482 3475 quod

215 3565 221 3578 .
321 3535 400 3579 vero
423 3512 513 3576 idem
535 3519 650 3598 poetae,
674 3514 734 3596 qui
756 3533 924 3598 personas,
948 3532 1032 3596 quas
1055 3511 1271 3589 induxerunt,
1305 3510 1349 3577 ad
1371 3514 1481 3598 ipsam

175 3614 177 3624 Α
321 3636 427 3700 vitam
459 3633 767 3712 accommodabant,
802 3633 946 3698 similem
981 3633 1131 3698 eiusdem
1160 3632 1374 3699 adulatorum
1407 3636 1482 3702 vitii

322 3755 504 3838 imaginem
538 3755 792 3834 adumbrarunt
827 3755 1011 3834 confirmat,
1045 3752 1162 3819 veram
1193 3776 1268 3820 eam
1301 3763 1334 3820 et
1366 3763 1482 3841 aptam

323 3897 402 3940 esse.
448 3877 601 3941 Fortasse
624 3884 812 3942 nocuerunt
828 3877 952 3941 similes
969 3877 1209 3961 pronominum
1228 3877 1482 3943 terminationes

325 3998 505 4082 (τοιούτους,
529 3999 664 4081 αὐτούς),

360 4307 380 4374 ¹)
401 4311 439 4367 Cf.
458 4312 660 4382 Wyttenbachii
680 4313 821 4366 animadv.
842 4317 866 4365 et
885 4311 1014 4365 Hercheri
1034 4311 1176 4364 annotatio
1195 4310 1277 4364 adh.
1296 4313 1313 4364 l.

361 4398 381 4462 ²)
400 4400 523 4454 Meineke
540 4401 648 4466 rragm.
668 4400 763 4454 comio.
782 4401 816 4455 lV
835 4416 861 4468 p.
881 4397 941 4452 669.
