<?xml version="1.0" encoding="UTF-8"?>
<!DOCTYPE html PUBLIC "-//W3C//DTD XHTML 1.0 Transitional//EN"
    "http://www.w3.org/TR/xhtml1/DTD/xhtml1-transitional.dtd">
<html xmlns="http://www.w3.org/1999/xhtml" xml:lang="en" lang="en">
 <head>
  <title>
</title>
<meta http-equiv="Content-Type" content="text/html;charset=utf-8" />
  <meta name='ocr-system' content='tesseract 3.04.00' />
  <meta name='ocr-capabilities' content='ocr_page ocr_carea ocr_par ocr_line ocrx_word'/>
</head>
<body>
  <div class='ocr_page' id='page_1' title='image "./studiacriticain00larsgoog_0136.png"; bbox 0 0 3306 5144; ppageno 0'>
   <div class='ocr_carea' id='block_1_1' title="bbox 681 457 741 520">
    <p class='ocr_par' dir='ltr' id='par_1_1' title="bbox 681 457 741 520">
     <span class='ocr_line' id='line_1_1' title="bbox 681 457 741 520; baseline -0.017 0"><span class='ocrx_word' id='word_1_1' title='bbox 681 457 741 520; x_wconf 79' lang='lat'>129</span> 
     </span>
    </p>
   </div>
   <div class='ocr_carea' id='block_1_2' title="bbox 129 644 1301 1218">
    <p class='ocr_par' dir='ltr' id='par_1_2' title="bbox 129 644 1301 1218">
     <span class='ocr_line' id='line_1_2' title="bbox 217 644 1298 731; baseline -0.006 -17"><span class='ocrx_word' id='word_1_2' title='bbox 217 651 312 715; x_wconf 84' lang='lat' dir='ltr'>Certe</span> <span class='ocrx_word' id='word_1_3' title='bbox 341 649 410 714; x_wconf 89' lang='lat' dir='ltr'>fioti</span> <span class='ocrx_word' id='word_1_4' title='bbox 439 648 487 712; x_wconf 93' lang='lat' dir='ltr'>illi</span> <span class='ocrx_word' id='word_1_5' title='bbox 516 653 629 713; x_wconf 81' lang='lat' dir='ltr'>nautae</span> <span class='ocrx_word' id='word_1_6' title='bbox 653 647 819 712; x_wconf 72' lang='lat' dir='ltr'>dicentem</span> <span class='ocrx_word' id='word_1_7' title='bbox 843 646 1023 731; x_wconf 83' lang='lat' dir='ltr'>exagitant,</span> <span class='ocrx_word' id='word_1_8' title='bbox 1047 667 1116 711; x_wconf 94' lang='lat' dir='ltr'>non</span> <span class='ocrx_word' id='word_1_9' title='bbox 1139 667 1206 730; x_wconf 94' lang='lat' dir='ltr'>quo</span> <span class='ocrx_word' id='word_1_10' title='bbox 1229 644 1298 729; x_wconf 90' lang='lat' dir='ltr'>(fin-</span> 
     </span>
     <span class='ocr_line' id='line_1_3' title="bbox 130 765 1295 858; baseline -0.005 -22"><span class='ocrx_word' id='word_1_11' title='bbox 130 774 245 858; x_wconf 85' lang='lat' dir='ltr'>gimus</span> <span class='ocrx_word' id='word_1_12' title='bbox 275 771 365 836; x_wconf 90' lang='lat' dir='ltr'>enim</span> <span class='ocrx_word' id='word_1_13' title='bbox 393 769 447 837; x_wconf 89' lang='lat' dir='ltr'>vel</span> <span class='ocrx_word' id='word_1_14' title='bbox 470 776 585 835; x_wconf 89' lang='lat' dir='ltr'>contra</span> <span class='ocrx_word' id='word_1_15' title='bbox 607 768 875 854; x_wconf 80' lang='lat' dir='ltr'>probabilitatem</span> <span class='ocrx_word' id='word_1_16' title='bbox 898 767 1097 853; x_wconf 74' lang='lat' dir='ltr'>particulam</span> <span class='ocrx_word' id='word_1_17' title='bbox 1119 769 1158 830; x_wconf 80' lang='grc' dir='ltr'>ἄν</span> <span class='ocrx_word' id='word_1_18' title='bbox 1180 765 1295 831; x_wconf 89' lang='lat' dir='ltr'>eadem</span> 
     </span>
     <span class='ocr_line' id='line_1_4' title="bbox 129 889 1301 976; baseline -0.007 -18"><span class='ocrx_word' id='word_1_19' title='bbox 129 895 202 958; x_wconf 82' lang='lat' dir='ltr'>fere</span> <span class='ocrx_word' id='word_1_20' title='bbox 225 892 466 976; x_wconf 84' lang='lat' dir='ltr'>significatione</span> <span class='ocrx_word' id='word_1_21' title='bbox 488 891 543 955; x_wconf 93' lang='lat' dir='ltr'>hic</span> <span class='ocrx_word' id='word_1_22' title='bbox 564 891 708 976; x_wconf 79' lang='lat' dir='ltr'>positam</span> <span class='ocrx_word' id='word_1_23' title='bbox 731 911 811 968; x_wconf 86' lang='lat' dir='ltr'>esse,</span> <span class='ocrx_word' id='word_1_24' title='bbox 840 908 907 974; x_wconf 89' lang='lat' dir='ltr'>quo</span> <span class='ocrx_word' id='word_1_25' title='bbox 935 889 1037 974; x_wconf 87' lang='lat' dir='ltr'>vulgo</span> <span class='ocrx_word' id='word_1_26' title='bbox 1059 889 1250 954; x_wconf 91' lang='lat' dir='ltr'>coniunctio</span> <span class='ocrx_word' id='word_1_27' title='bbox 1273 890 1301 951; x_wconf 83' lang='grc' dir='ltr'>εἰ</span> 
     </span>
     <span class='ocr_line' id='line_1_5' title="bbox 130 1008 1299 1100; baseline -0.007 -20"><span class='ocrx_word' id='word_1_28' title='bbox 130 1014 226 1100; x_wconf 87' lang='lat' dir='ltr'>apud</span> <span class='ocrx_word' id='word_1_29' title='bbox 249 1012 351 1079; x_wconf 87' lang='lat' dir='ltr'>verba</span> <span class='ocrx_word' id='word_1_30' title='bbox 373 1012 519 1077; x_wconf 87' lang='lat' dir='ltr'>mirandi</span> <span class='ocrx_word' id='word_1_31' title='bbox 541 1019 575 1077; x_wconf 93' lang='lat' dir='ltr'>et</span> <span class='ocrx_word' id='word_1_32' title='bbox 595 1010 780 1096; x_wconf 86' lang='lat' dir='ltr'>gaudendi;</span> <span class='ocrx_word' id='word_1_33' title='bbox 805 1012 844 1076; x_wconf 79' lang='lat' dir='ltr'>cl.</span> <span class='ocrx_word' id='word_1_34' title='bbox 865 1010 976 1076; x_wconf 89' lang='lat' dir='ltr'>Madv.</span> <span class='ocrx_word' id='word_1_35' title='bbox 992 1011 1084 1095; x_wconf 81' lang='lat' dir='ltr'>Synt.</span> <span class='ocrx_word' id='word_1_36' title='bbox 1099 1009 1154 1074; x_wconf 84' lang='lat' dir='ltr'>Gr.</span> <span class='ocrx_word' id='word_1_37' title='bbox 1167 1009 1189 1094; x_wconf 66' lang='grc' dir='ltr'>ξ</span> <span class='ocrx_word' id='word_1_38' title='bbox 1202 1008 1299 1092; x_wconf 83' lang='grc' dir='ltr'>194ο)</span> 
     </span>
     <span class='ocr_line' id='line_1_6' title="bbox 131 1130 1300 1218; baseline -0.004 -18"><span class='ocrx_word' id='word_1_39' title='bbox 131 1136 237 1201; x_wconf 87' lang='lat' dir='ltr'>simul</span> <span class='ocrx_word' id='word_1_40' title='bbox 266 1156 344 1200; x_wconf 92' lang='lat' dir='ltr'>cum</span> <span class='ocrx_word' id='word_1_41' title='bbox 373 1135 519 1218; x_wconf 89' lang='lat' dir='ltr'>corporis</span> <span class='ocrx_word' id='word_1_42' title='bbox 542 1134 777 1198; x_wconf 84' lang='lat' dir='ltr'>exercitatione</span> <span class='ocrx_word' id='word_1_43' title='bbox 801 1132 907 1196; x_wconf 91' lang='lat' dir='ltr'>discat</span> <span class='ocrx_word' id='word_1_44' title='bbox 928 1131 1065 1216; x_wconf 74' lang='lat' dir='ltr'>aliquid,</span> <span class='ocrx_word' id='word_1_45' title='bbox 1097 1131 1154 1196; x_wconf 89' lang='lat' dir='ltr'>sed</span> <span class='ocrx_word' id='word_1_46' title='bbox 1171 1130 1300 1216; x_wconf 70' lang='lat' dir='ltr'>&#39;simpli-</span> 
     </span>
    </p>
   </div>
   <div class='ocr_carea' id='block_1_3' title="bbox 31 1253 1300 1341">
    <p class='ocr_par' dir='ltr' id='par_1_3' title="bbox 31 1253 1300 1341">
     <span class='ocr_line' id='line_1_7' title="bbox 31 1253 1300 1341; baseline -0.005 -18"><span class='ocrx_word' id='word_1_47' title='bbox 31 1313 32 1316; x_wconf 63' lang='lat'>,</span> <span class='ocrx_word' id='word_1_48' title='bbox 131 1260 226 1334; x_wconf 85' lang='lat' dir='ltr'>citer,</span> <span class='ocrx_word' id='word_1_49' title='bbox 250 1255 341 1341; x_wconf 93' lang='lat' dir='ltr'>quod</span> <span class='ocrx_word' id='word_1_50' title='bbox 364 1262 479 1320; x_wconf 90' lang='lat' dir='ltr'>contra</span> <span class='ocrx_word' id='word_1_51' title='bbox 501 1253 779 1319; x_wconf 84' lang='lat' dir='ltr'>consuetudinem</span> <span class='ocrx_word' id='word_1_52' title='bbox 801 1253 948 1318; x_wconf 89' lang='lat' dir='ltr'>hominis</span> <span class='ocrx_word' id='word_1_53' title='bbox 966 1275 1080 1318; x_wconf 89' lang='lat' dir='ltr'>secum</span> <span class='ocrx_word' id='word_1_54' title='bbox 1099 1255 1179 1338; x_wconf 86' lang='lat' dir='ltr'>ipse,</span> <span class='ocrx_word' id='word_1_55' title='bbox 1203 1253 1300 1336; x_wconf 85' lang='lat' dir='ltr'>quasi</span> 
     </span>
    </p>
   </div>
   <div class='ocr_carea' id='block_1_4' title="bbox 129 1374 1300 1696">
    <p class='ocr_par' dir='ltr' id='par_1_4' title="bbox 129 1374 1300 1696">
     <span class='ocr_line' id='line_1_8' title="bbox 131 1374 1300 1460; baseline -0.006 -17"><span class='ocrx_word' id='word_1_56' title='bbox 131 1379 226 1444; x_wconf 90' lang='lat' dir='ltr'>solus</span> <span class='ocrx_word' id='word_1_57' title='bbox 249 1379 300 1455; x_wconf 77' lang='lat' dir='ltr'>sit,</span> <span class='ocrx_word' id='word_1_58' title='bbox 325 1377 413 1441; x_wconf 89' lang='lat' dir='ltr'>clara</span> <span class='ocrx_word' id='word_1_59' title='bbox 435 1397 515 1441; x_wconf 89' lang='lat' dir='ltr'>voce</span> <span class='ocrx_word' id='word_1_60' title='bbox 537 1375 695 1460; x_wconf 90' lang='lat' dir='ltr'>loquitur.</span> <span class='ocrx_word' id='word_1_61' title='bbox 740 1374 962 1440; x_wconf 79' lang='lat' dir='ltr'>Scribendum</span> <span class='ocrx_word' id='word_1_62' title='bbox 981 1377 1057 1439; x_wconf 80' lang='grc' dir='ltr'><em>ἀλλὰ</em></span> <span class='ocrx_word' id='word_1_63' title='bbox 1075 1382 1131 1439; x_wconf 84' lang='grc' dir='ltr'>τοῦ</span> <span class='ocrx_word' id='word_1_64' title='bbox 1148 1375 1300 1456; x_wconf 80' lang='grc' dir='ltr'><em>λέγοντος,</em></span> 
     </span>
     <span class='ocr_line' id='line_1_9' title="bbox 129 1496 1300 1582; baseline -0.003 -18"><span class='ocrx_word' id='word_1_65' title='bbox 129 1504 169 1564; x_wconf 79' lang='grc' dir='ltr'>ἵν’</span> <span class='ocrx_word' id='word_1_66' title='bbox 202 1503 269 1582; x_wconf 85' lang='grc' dir='ltr'>ἅμα</span> <span class='ocrx_word' id='word_1_67' title='bbox 297 1499 359 1562; x_wconf 82' lang='grc' dir='ltr'><em>κτλ.</em></span> <span class='ocrx_word' id='word_1_68' title='bbox 392 1498 412 1562; x_wconf 91' lang='lat' dir='ltr'>i.</span> <span class='ocrx_word' id='word_1_69' title='bbox 442 1518 468 1561; x_wconf 89' lang='lat' dir='ltr'>e.</span> <span class='ocrx_word' id='word_1_70' title='bbox 503 1497 683 1581; x_wconf 34' lang='lat' dir='ltr'>‘exagitant</span> <span class='ocrx_word' id='word_1_71' title='bbox 712 1496 888 1575; x_wconf 78' lang='lat' dir='ltr'>dicentem,</span> <span class='ocrx_word' id='word_1_72' title='bbox 923 1497 982 1580; x_wconf 88' lang='lat' dir='ltr'>qui</span> <span class='ocrx_word' id='word_1_73' title='bbox 1017 1503 1131 1561; x_wconf 89' lang='lat' dir='ltr'>tamen</span> <span class='ocrx_word' id='word_1_74' title='bbox 1163 1496 1227 1560; x_wconf 94' lang='lat' dir='ltr'>hoc</span> <span class='ocrx_word' id='word_1_75' title='bbox 1262 1517 1300 1561; x_wconf 92' lang='lat' dir='ltr'>eo</span> 
     </span>
     <span class='ocr_line' id='line_1_10' title="bbox 131 1617 674 1696; baseline -0.009 -10"><span class='ocrx_word' id='word_1_76' title='bbox 131 1621 275 1687; x_wconf 88' lang='lat' dir='ltr'>consilio</span> <span class='ocrx_word' id='word_1_77' title='bbox 297 1620 386 1696; x_wconf 81' lang='lat' dir='ltr'>iacit,</span> <span class='ocrx_word' id='word_1_78' title='bbox 410 1626 448 1683; x_wconf 94' lang='lat' dir='ltr'>ut</span> <span class='ocrx_word' id='word_1_79' title='bbox 470 1617 570 1682; x_wconf 88' lang='lat' dir='ltr'>simul</span> <span class='ocrx_word' id='word_1_80' title='bbox 593 1620 674 1682; x_wconf 86' lang='lat' dir='ltr'>cet&#39;.</span> 
     </span>
    </p>
   </div>
   <div class='ocr_carea' id='block_1_5' title="bbox 130 2129 1389 4278">
    <p class='ocr_par' dir='ltr' id='par_1_5' title="bbox 130 2129 591 2218">
     <span class='ocr_line' id='line_1_11' title="bbox 130 2129 591 2218; baseline -0.007 -21"><span class='ocrx_word' id='word_1_81' title='bbox 130 2155 167 2218; x_wconf 84' lang='lat' dir='ltr'>p.</span> <span class='ocrx_word' id='word_1_82' title='bbox 199 2131 257 2198; x_wconf 85' lang='grc'>131</span> <span class='ocrx_word' id='word_1_83' title='bbox 273 2130 297 2196; x_wconf 83' lang='lat' dir='ltr'>d</span> <span class='ocrx_word' id='word_1_84' title='bbox 321 2131 407 2214; x_wconf 83' lang='lat' dir='ltr'>(cop.</span> <span class='ocrx_word' id='word_1_85' title='bbox 435 2129 591 2211; x_wconf 88' lang='lat' dir='ltr'><em>XVIII).</em></span> 
     </span>
    </p>

    <p class='ocr_par' dir='ltr' id='par_1_6' title="bbox 131 2249 1304 2577">
     <span class='ocr_line' id='line_1_12' title="bbox 221 2249 1304 2332; baseline -0.001 -18"><span class='ocrx_word' id='word_1_86' title='bbox 221 2253 299 2314; x_wconf 78' lang='grc' dir='ltr'>Ἐπὶ</span> <span class='ocrx_word' id='word_1_87' title='bbox 332 2252 366 2314; x_wconf 79' lang='grc' dir='ltr'>δὲ</span> <span class='ocrx_word' id='word_1_88' title='bbox 394 2251 515 2332; x_wconf 81' lang='grc' dir='ltr'><em>τροφὴν</em></span> <span class='ocrx_word' id='word_1_89' title='bbox 537 2251 823 2332; x_wconf 83' lang='grc' dir='ltr'><em>παραγενομένους,</em></span> <span class='ocrx_word' id='word_1_90' title='bbox 845 2251 884 2312; x_wconf 82' lang='grc' dir='ltr'>ἂν</span> <span class='ocrx_word' id='word_1_91' title='bbox 905 2249 964 2331; x_wconf 83' lang='grc' dir='ltr'>μὲν</span> <span class='ocrx_word' id='word_1_92' title='bbox 986 2249 1007 2331; x_wconf 74' lang='grc' dir='ltr'><em>ᾖ</em></span> <span class='ocrx_word' id='word_1_93' title='bbox 1029 2274 1056 2312; x_wconf 87' lang='grc' dir='ltr'>τι</span> <span class='ocrx_word' id='word_1_94' title='bbox 1077 2255 1141 2312; x_wconf 81' lang='grc' dir='ltr'>τῶν</span> <span class='ocrx_word' id='word_1_95' title='bbox 1163 2250 1304 2331; x_wconf 73' lang='grc' dir='ltr'><em>πρόσθεν</em></span> 
     </span>
     <span class='ocr_line' id='line_1_13' title="bbox 133 2370 1304 2457; baseline -0.003 -20"><span class='ocrx_word' id='word_1_96' title='bbox 133 2374 257 2457; x_wconf 78' lang='grc' dir='ltr'><em>ὄφελος</em></span> <span class='ocrx_word' id='word_1_97' title='bbox 278 2374 383 2454; x_wconf 82' lang='grc' dir='ltr'><em>λόγων</em></span> <span class='ocrx_word' id='word_1_98' title='bbox 406 2373 452 2442; x_wconf 87' lang='grc' dir='ltr'>οἷς</span> <span class='ocrx_word' id='word_1_99' title='bbox 472 2373 527 2441; x_wconf 83' lang='grc' dir='ltr'>τὰς</span> <span class='ocrx_word' id='word_1_100' title='bbox 545 2373 662 2454; x_wconf 82' lang='grc' dir='ltr'><strong><em>ὀρέξεις</em></strong></span> <span class='ocrx_word' id='word_1_101' title='bbox 680 2372 854 2453; x_wconf 74' lang='grc' dir='ltr'><em>ε’κηλοῦμεν</em></span> <span class='ocrx_word' id='word_1_102' title='bbox 870 2370 924 2433; x_wconf 80' lang='grc' dir='ltr'>καὶ</span> <span class='ocrx_word' id='word_1_103' title='bbox 940 2371 1206 2454; x_wconf 79' lang='grc' dir='ltr'><em>κατεπραΰνομεν,</em></span> <span class='ocrx_word' id='word_1_104' title='bbox 1230 2371 1304 2434; x_wconf 77' lang='grc' dir='ltr'><em>ἄλλο</em></span> 
     </span>
     <span class='ocr_line' id='line_1_14' title="bbox 131 2495 656 2577; baseline -0.008 -18"><span class='ocrx_word' id='word_1_105' title='bbox 131 2521 161 2559; x_wconf 86' lang='grc' dir='ltr'>τι</span> <span class='ocrx_word' id='word_1_106' title='bbox 184 2495 245 2577; x_wconf 82' lang='grc' dir='ltr'>χρὴ</span> <span class='ocrx_word' id='word_1_107' title='bbox 268 2500 428 2575; x_wconf 85' lang='grc' dir='ltr'><em>παραινεῖν</em></span> <span class='ocrx_word' id='word_1_108' title='bbox 450 2499 513 2556; x_wconf 86' lang='grc' dir='ltr'>τῶν</span> <span class='ocrx_word' id='word_1_109' title='bbox 536 2495 656 2575; x_wconf 80' lang='grc' dir='ltr'><em>ἐφεξῆς.</em></span> 
     </span>
    </p>

    <p class='ocr_par' dir='ltr' id='par_1_7' title="bbox 134 2613 1389 4278">
     <span class='ocr_line' id='line_1_15' title="bbox 228 2613 1305 2698; baseline 0.001 -20"><span class='ocrx_word' id='word_1_110' title='bbox 228 2616 402 2697; x_wconf 81' lang='grc' dir='ltr'><em>ἕκηλοῦμεν</em></span> <span class='ocrx_word' id='word_1_111' title='bbox 430 2615 483 2677; x_wconf 81' lang='grc' dir='ltr'>καὶ</span> <span class='ocrx_word' id='word_1_112' title='bbox 512 2613 768 2696; x_wconf 83' lang='grc' dir='ltr'><em>κατεπραΰνομεν</em></span> <span class='ocrx_word' id='word_1_113' title='bbox 796 2613 928 2698; x_wconf 81' lang='lat' dir='ltr'>scripsit</span> <span class='ocrx_word' id='word_1_114' title='bbox 950 2613 1120 2692; x_wconf 80' lang='lat' dir='ltr'>Reisklus3</span> <span class='ocrx_word' id='word_1_115' title='bbox 1155 2614 1305 2679; x_wconf 80' lang='lat' dir='ltr'>inlibris</span> 
     </span>
     <span class='ocr_line' id='line_1_16' title="bbox 134 2734 1306 2819; baseline -0.003 -15"><span class='ocrx_word' id='word_1_116' title='bbox 134 2743 251 2804; x_wconf 84' lang='lat' dir='ltr'>exstat</span> <span class='ocrx_word' id='word_1_117' title='bbox 283 2736 442 2819; x_wconf 82' lang='grc' dir='ltr'><em>κηλοῦμεν</em></span> <span class='ocrx_word' id='word_1_118' title='bbox 474 2737 527 2798; x_wconf 81' lang='grc' dir='ltr'>καὶ</span> <span class='ocrx_word' id='word_1_119' title='bbox 560 2734 830 2817; x_wconf 84' lang='grc' dir='ltr'><em>καταπραΰνομεν.</em></span> <span class='ocrx_word' id='word_1_120' title='bbox 864 2773 905 2779; x_wconf 90' lang='grc'>-</span> <span class='ocrx_word' id='word_1_121' title='bbox 938 2735 1046 2799; x_wconf 85' lang='lat' dir='ltr'>Valde</span> <span class='ocrx_word' id='word_1_122' title='bbox 1079 2736 1182 2800; x_wconf 88' lang='lat' dir='ltr'>miror</span> <span class='ocrx_word' id='word_1_123' title='bbox 1214 2735 1306 2800; x_wconf 90' lang='lat' dir='ltr'>aliud</span> 
     </span>
     <span class='ocr_line' id='line_1_17' title="bbox 135 2856 1308 2924; baseline -0.003 0"><span class='ocrx_word' id='word_1_124' title='bbox 135 2859 361 2924; x_wconf 78' lang='lat' dir='ltr'>manifestum</span> <span class='ocrx_word' id='word_1_125' title='bbox 389 2858 510 2922; x_wconf 82' lang='lat' dir='ltr'>vitium</span> <span class='ocrx_word' id='word_1_126' title='bbox 537 2857 659 2921; x_wconf 90' lang='lat' dir='ltr'>horum</span> <span class='ocrx_word' id='word_1_127' title='bbox 689 2856 869 2920; x_wconf 87' lang='lat' dir='ltr'>verborum</span> <span class='ocrx_word' id='word_1_128' title='bbox 892 2877 1008 2920; x_wconf 89' lang='lat' dir='ltr'>omnes</span> <span class='ocrx_word' id='word_1_129' title='bbox 1031 2856 1172 2921; x_wconf 88' lang='lat' dir='ltr'>editores</span> <span class='ocrx_word' id='word_1_130' title='bbox 1195 2863 1228 2920; x_wconf 90' lang='lat' dir='ltr'>et</span> <span class='ocrx_word' id='word_1_131' title='bbox 1250 2858 1308 2920; x_wconf 93' lang='lat' dir='ltr'>cri-</span> 
     </span>
     <span class='ocr_line' id='line_1_18' title="bbox 135 2953 1308 3064; baseline -0.002 -19"><span class='ocrx_word' id='word_1_132' title='bbox 135 2983 226 3046; x_wconf 90' lang='lat' dir='ltr'>ticos</span> <span class='ocrx_word' id='word_1_133' title='bbox 259 2953 379 3064; x_wconf 82' lang='lat' dir='ltr'>praeter</span> <span class='ocrx_word' id='word_1_134' title='bbox 411 2977 557 3042; x_wconf 91' lang='lat' dir='ltr'>eundem</span> <span class='ocrx_word' id='word_1_135' title='bbox 585 2977 759 3042; x_wconf 85' lang='lat' dir='ltr'>Reiskium</span> <span class='ocrx_word' id='word_1_136' title='bbox 788 2977 951 3042; x_wconf 79' lang='lat' dir='ltr'>fefellisse.</span> <span class='ocrx_word' id='word_1_137' title='bbox 1007 2978 1048 3041; x_wconf 90' lang='lat' dir='ltr'>ln</span> <span class='ocrx_word' id='word_1_138' title='bbox 1081 2978 1308 3063; x_wconf 88' lang='lat' dir='ltr'>superioribus</span> 
     </span>
     <span class='ocr_line' id='line_1_19' title="bbox 136 3097 1307 3184; baseline -0.002 -18"><span class='ocrx_word' id='word_1_139' title='bbox 136 3101 344 3167; x_wconf 89' lang='lat' dir='ltr'>Plutarchus</span> <span class='ocrx_word' id='word_1_140' title='bbox 356 3099 493 3164; x_wconf 88' lang='lat' dir='ltr'>lectores</span> <span class='ocrx_word' id='word_1_141' title='bbox 505 3098 657 3163; x_wconf 89' lang='lat' dir='ltr'>hortatus</span> <span class='ocrx_word' id='word_1_142' title='bbox 669 3105 728 3176; x_wconf 88' lang='lat' dir='ltr'>est,</span> <span class='ocrx_word' id='word_1_143' title='bbox 741 3105 779 3162; x_wconf 93' lang='lat' dir='ltr'>ut</span> <span class='ocrx_word' id='word_1_144' title='bbox 791 3097 989 3184; x_wconf 89' lang='lat' dir='ltr'>cupiditates</span> <span class='ocrx_word' id='word_1_145' title='bbox 1002 3107 1204 3178; x_wconf 82' lang='lat' dir='ltr'>coercerent3</span> <span class='ocrx_word' id='word_1_146' title='bbox 1225 3122 1307 3164; x_wconf 90' lang='lat' dir='ltr'>num</span> 
     </span>
     <span class='ocr_line' id='line_1_20' title="bbox 137 3219 1309 3308; baseline -0.001 -21"><span class='ocrx_word' id='word_1_147' title='bbox 137 3225 248 3308; x_wconf 86' lang='lat' dir='ltr'>igitur</span> <span class='ocrx_word' id='word_1_148' title='bbox 277 3227 540 3286; x_wconf 88' lang='lat' dir='ltr'>consentaneum</span> <span class='ocrx_word' id='word_1_149' title='bbox 574 3226 632 3298; x_wconf 79' lang='lat' dir='ltr'>est,</span> <span class='ocrx_word' id='word_1_150' title='bbox 661 3220 689 3284; x_wconf 89' lang='lat' dir='ltr'>si</span> <span class='ocrx_word' id='word_1_151' title='bbox 718 3219 775 3284; x_wconf 90' lang='lat' dir='ltr'>illa</span> <span class='ocrx_word' id='word_1_152' title='bbox 801 3227 967 3305; x_wconf 88' lang='lat' dir='ltr'>praecepta</span> <span class='ocrx_word' id='word_1_153' title='bbox 994 3221 1064 3285; x_wconf 88' lang='lat' dir='ltr'>vim</span> <span class='ocrx_word' id='word_1_154' title='bbox 1092 3228 1125 3285; x_wconf 89' lang='lat' dir='ltr'>et</span> <span class='ocrx_word' id='word_1_155' title='bbox 1152 3222 1309 3286; x_wconf 83' lang='lat' dir='ltr'>effectum</span> 
     </span>
     <span class='ocr_line' id='line_1_21' title="bbox 137 3341 1309 3426; baseline -0.002 -17"><span class='ocrx_word' id='word_1_156' title='bbox 137 3343 280 3420; x_wconf 80' lang='lat' dir='ltr'>habent,</span> <span class='ocrx_word' id='word_1_157' title='bbox 321 3341 362 3407; x_wconf 93' lang='lat' dir='ltr'>de</span> <span class='ocrx_word' id='word_1_158' title='bbox 395 3343 487 3407; x_wconf 85' lang='lat' dir='ltr'>victu</span> <span class='ocrx_word' id='word_1_159' title='bbox 525 3341 590 3405; x_wconf 89' lang='lat' dir='ltr'>alia</span> <span class='ocrx_word' id='word_1_160' title='bbox 622 3362 711 3406; x_wconf 89' lang='lat' dir='ltr'>nova</span> <span class='ocrx_word' id='word_1_161' title='bbox 744 3341 924 3406; x_wconf 90' lang='lat' dir='ltr'>desiderari</span> <span class='ocrx_word' id='word_1_162' title='bbox 958 3343 1045 3426; x_wconf 76' lang='grc' dir='ltr'><em>(ἄλλο</em></span> <span class='ocrx_word' id='word_1_163' title='bbox 1078 3367 1104 3404; x_wconf 86' lang='grc' dir='ltr'>τι</span> <span class='ocrx_word' id='word_1_164' title='bbox 1125 3344 1185 3425; x_wconf 80' lang='grc' dir='ltr'>χρὴ</span> <span class='ocrx_word' id='word_1_165' title='bbox 1210 3343 1309 3426; x_wconf 54' lang='lat' dir='ltr'>arti?</span> 
     </span>
     <span class='ocr_line' id='line_1_22' title="bbox 138 3462 1309 3548; baseline -0.003 -17"><span class='ocrx_word' id='word_1_166' title='bbox 138 3467 255 3531; x_wconf 90' lang='lat' dir='ltr'>Immo</span> <span class='ocrx_word' id='word_1_167' title='bbox 288 3485 358 3528; x_wconf 93' lang='lat' dir='ltr'>non</span> <span class='ocrx_word' id='word_1_168' title='bbox 392 3469 654 3528; x_wconf 90' lang='lat' dir='ltr'>consentaneum</span> <span class='ocrx_word' id='word_1_169' title='bbox 688 3468 745 3526; x_wconf 88' lang='lat' dir='ltr'>est.</span> <span class='ocrx_word' id='word_1_170' title='bbox 805 3462 888 3540; x_wconf 86' lang='lat' dir='ltr'>Hoc,</span> <span class='ocrx_word' id='word_1_171' title='bbox 924 3470 962 3527; x_wconf 93' lang='lat' dir='ltr'>ut</span> <span class='ocrx_word' id='word_1_172' title='bbox 994 3485 1095 3548; x_wconf 88' lang='lat' dir='ltr'>supra</span> <span class='ocrx_word' id='word_1_173' title='bbox 1128 3463 1207 3541; x_wconf 86' lang='lat' dir='ltr'>dixi,</span> <span class='ocrx_word' id='word_1_174' title='bbox 1242 3467 1309 3528; x_wconf 88' lang='lat' dir='ltr'>iam</span> 
     </span>
     <span class='ocr_line' id='line_1_23' title="bbox 139 3571 1389 3670; baseline -0.001 -19"><span class='ocrx_word' id='word_1_175' title='bbox 139 3586 304 3652; x_wconf 84' lang='lat' dir='ltr'>Reiskius</span> <span class='ocrx_word' id='word_1_176' title='bbox 341 3585 513 3661; x_wconf 88' lang='lat' dir='ltr'>intellexit,</span> <span class='ocrx_word' id='word_1_177' title='bbox 544 3583 602 3649; x_wconf 88' lang='lat' dir='ltr'>sed</span> <span class='ocrx_word' id='word_1_178' title='bbox 636 3584 737 3668; x_wconf 89' lang='lat' dir='ltr'>paulo</span> <span class='ocrx_word' id='word_1_179' title='bbox 769 3583 902 3669; x_wconf 82' lang='lat' dir='ltr'>longius</span> <span class='ocrx_word' id='word_1_180' title='bbox 932 3606 952 3648; x_wconf 91' lang='lat' dir='ltr'>a</span> <span class='ocrx_word' id='word_1_181' title='bbox 982 3583 1134 3648; x_wconf 90' lang='lat' dir='ltr'>codicum</span> <span class='ocrx_word' id='word_1_182' title='bbox 1162 3586 1310 3670; x_wconf 85' lang='lat' dir='ltr'>vestigiis</span> <span class='ocrx_word' id='word_1_183' title='bbox 1387 3571 1389 3576; x_wconf 34' lang='lat'>⁵</span> 
     </span>
     <span class='ocr_line' id='line_1_24' title="bbox 141 3703 1309 3790; baseline 0.001 -19"><span class='ocrx_word' id='word_1_184' title='bbox 141 3706 299 3784; x_wconf 80' lang='lat' dir='ltr'>discedit,</span> <span class='ocrx_word' id='word_1_185' title='bbox 324 3726 401 3770; x_wconf 91' lang='lat' dir='ltr'>cum</span> <span class='ocrx_word' id='word_1_186' title='bbox 424 3706 517 3769; x_wconf 81' lang='grc' dir='ltr'><em>οὐδὲν</em></span> <span class='ocrx_word' id='word_1_187' title='bbox 539 3706 614 3768; x_wconf 77' lang='grc' dir='ltr'><em>ἄλλο</em></span> <span class='ocrx_word' id='word_1_188' title='bbox 639 3703 680 3790; x_wconf 76' lang='lat' dir='ltr'>ln]</span> <span class='ocrx_word' id='word_1_189' title='bbox 703 3707 763 3789; x_wconf 83' lang='grc' dir='ltr'>χρὴ</span> <span class='ocrx_word' id='word_1_190' title='bbox 782 3707 845 3770; x_wconf 70' lang='grc' dir='ltr'>κτλ,</span> <span class='ocrx_word' id='word_1_191' title='bbox 869 3705 1083 3770; x_wconf 89' lang='lat' dir='ltr'>scribendum</span> <span class='ocrx_word' id='word_1_192' title='bbox 1101 3727 1171 3770; x_wconf 88' lang='lat' dir='ltr'>esse</span> <span class='ocrx_word' id='word_1_193' title='bbox 1190 3713 1309 3772; x_wconf 85' lang='lat' dir='ltr'>conset.</span> 
     </span>
     <span class='ocr_line' id='line_1_25' title="bbox 142 3827 1312 3912; baseline -0.001 -19"><span class='ocrx_word' id='word_1_194' title='bbox 142 3829 237 3896; x_wconf 82' lang='lat' dir='ltr'>Satis</span> <span class='ocrx_word' id='word_1_195' title='bbox 260 3834 310 3891; x_wconf 89' lang='lat' dir='ltr'>est</span> <span class='ocrx_word' id='word_1_196' title='bbox 330 3828 542 3911; x_wconf 88' lang='lat' dir='ltr'>interponere</span> <span class='ocrx_word' id='word_1_197' title='bbox 564 3833 642 3890; x_wconf 90' lang='lat' dir='ltr'>ante</span> <span class='ocrx_word' id='word_1_198' title='bbox 665 3827 739 3890; x_wconf 79' lang='grc' dir='ltr'><em>ἄλλο</em></span> <span class='ocrx_word' id='word_1_199' title='bbox 764 3828 986 3912; x_wconf 85' lang='lat' dir='ltr'>negationem,</span> <span class='ocrx_word' id='word_1_200' title='bbox 1010 3834 1048 3891; x_wconf 92' lang='lat' dir='ltr'>ut</span> <span class='ocrx_word' id='word_1_201' title='bbox 1070 3827 1234 3892; x_wconf 89' lang='lat' dir='ltr'>scribatur</span> <span class='ocrx_word' id='word_1_202' title='bbox 1253 3831 1312 3893; x_wconf 82' lang='grc' dir='ltr'>οὐκ</span> 
     </span>
     <span class='ocr_line' id='line_1_26' title="bbox 143 3947 1313 4034; baseline 0 -20"><span class='ocrx_word' id='word_1_203' title='bbox 143 3951 226 4014; x_wconf 76' lang='grc' dir='ltr'><em>ἄλλο</em></span> <span class='ocrx_word' id='word_1_204' title='bbox 252 3973 279 4011; x_wconf 86' lang='grc' dir='ltr'>τι</span> <span class='ocrx_word' id='word_1_205' title='bbox 307 3949 368 4031; x_wconf 83' lang='grc' dir='ltr'>χρὴ</span> <span class='ocrx_word' id='word_1_206' title='bbox 396 3954 556 4029; x_wconf 87' lang='grc' dir='ltr'><em>παραινεῖν</em></span> <span class='ocrx_word' id='word_1_207' title='bbox 584 3955 649 4010; x_wconf 85' lang='grc' dir='ltr'>τῶν</span> <span class='ocrx_word' id='word_1_208' title='bbox 678 3949 799 4031; x_wconf 75' lang='grc' dir='ltr'><em>ἐφεξῆς,</em></span> <span class='ocrx_word' id='word_1_209' title='bbox 829 3949 850 4013; x_wconf 87' lang='lat' dir='ltr'>i.</span> <span class='ocrx_word' id='word_1_210' title='bbox 874 3969 900 4013; x_wconf 89' lang='lat' dir='ltr'>e.</span> <span class='ocrx_word' id='word_1_211' title='bbox 928 3970 1004 4028; x_wconf 44' lang='lat' dir='ltr'>(non</span> <span class='ocrx_word' id='word_1_212' title='bbox 1033 3947 1125 4012; x_wconf 84' lang='lat' dir='ltr'>aliud</span> <span class='ocrx_word' id='word_1_213' title='bbox 1154 3957 1313 4034; x_wconf 66' lang='lat' dir='ltr'>praeterea</span> 
     </span>
     <span class='ocr_line' id='line_1_27' title="bbox 145 4068 1313 4154; baseline 0.001 -19"><span class='ocrx_word' id='word_1_214' title='bbox 145 4091 283 4147; x_wconf 86' lang='lat' dir='ltr'>eorum,</span> <span class='ocrx_word' id='word_1_215' title='bbox 325 4091 401 4152; x_wconf 86' lang='lat' dir='ltr'>quae</span> <span class='ocrx_word' id='word_1_216' title='bbox 437 4076 625 4154; x_wconf 89' lang='lat' dir='ltr'>sequuntur</span> <span class='ocrx_word' id='word_1_217' title='bbox 665 4071 753 4147; x_wconf 89' lang='lat' dir='ltr'>cet.&#39;;</span> <span class='ocrx_word' id='word_1_218' title='bbox 804 4070 899 4134; x_wconf 87' lang='lat' dir='ltr'>aliter</span> <span class='ocrx_word' id='word_1_219' title='bbox 936 4068 1080 4134; x_wconf 86' lang='lat' dir='ltr'>absurde</span> <span class='ocrx_word' id='word_1_220' title='bbox 1113 4071 1313 4139; x_wconf 91' lang='lat' dir='ltr'>Plutarchus</span> 
     </span>
     <span class='ocr_line' id='line_1_28' title="bbox 147 4191 1313 4278; baseline 0.001 -22"><span class='ocrx_word' id='word_1_221' title='bbox 147 4191 338 4257; x_wconf 90' lang='lat' dir='ltr'>elocutione</span> <span class='ocrx_word' id='word_1_222' title='bbox 366 4191 441 4254; x_wconf 79' lang='grc' dir='ltr'><em>ἄλλο</em></span> <span class='ocrx_word' id='word_1_223' title='bbox 468 4216 494 4253; x_wconf 85' lang='grc' dir='ltr'>τι</span> <span class='ocrx_word' id='word_1_224' title='bbox 521 4191 582 4273; x_wconf 83' lang='grc' dir='ltr'>χρὴ</span> <span class='ocrx_word' id='word_1_225' title='bbox 611 4198 771 4272; x_wconf 87' lang='grc' dir='ltr'><em>παραινεῖν</em></span> <span class='ocrx_word' id='word_1_226' title='bbox 797 4198 862 4255; x_wconf 85' lang='grc' dir='ltr'>τῶν</span> <span class='ocrx_word' id='word_1_227' title='bbox 889 4193 1002 4274; x_wconf 79' lang='grc' dir='ltr'><em>ἐφεξῆς</em></span> <span class='ocrx_word' id='word_1_228' title='bbox 1030 4213 1110 4256; x_wconf 88' lang='lat' dir='ltr'>usus</span> <span class='ocrx_word' id='word_1_229' title='bbox 1140 4200 1225 4256; x_wconf 91' lang='lat' dir='ltr'>esset</span> <span class='ocrx_word' id='word_1_230' title='bbox 1253 4214 1313 4278; x_wconf 91' lang='lat' dir='ltr'>pro</span> 
     </span>
    </p>
   </div>
   <div class='ocr_carea' id='block_1_6' title="bbox 147 4312 1314 4404">
    <p class='ocr_par' dir='ltr' id='par_1_8' title="bbox 147 4312 1314 4404">
     <span class='ocr_line' id='line_1_29' title="bbox 147 4312 1314 4404; baseline 0.003 -28"><span class='ocrx_word' id='word_1_231' title='bbox 147 4333 192 4376; x_wconf 89' lang='lat' dir='ltr'>ea</span> <span class='ocrx_word' id='word_1_232' title='bbox 227 4331 306 4404; x_wconf 66' lang='lat' dir='ltr'>quae</span> <span class='ocrx_word' id='word_1_233' title='bbox 335 4317 385 4374; x_wconf 91' lang='lat' dir='ltr'>est</span> <span class='ocrx_word' id='word_1_234' title='bbox 419 4312 456 4374; x_wconf 82' lang='grc' dir='ltr'>τὰ</span> <span class='ocrx_word' id='word_1_235' title='bbox 490 4314 604 4394; x_wconf 81' lang='grc' dir='ltr'><em>ἐφεξῆς</em></span> <span class='ocrx_word' id='word_1_236' title='bbox 636 4313 696 4396; x_wconf 79' lang='grc' dir='ltr'>χρὴ</span> <span class='ocrx_word' id='word_1_237' title='bbox 727 4319 896 4394; x_wconf 84' lang='grc' dir='ltr'><em>παραινεῖν,</em></span> <span class='ocrx_word' id='word_1_238' title='bbox 930 4319 962 4376; x_wconf 91' lang='lat' dir='ltr'>et</span> <span class='ocrx_word' id='word_1_239' title='bbox 989 4313 1104 4397; x_wconf 89' lang='lat' dir='ltr'>inepta</span> <span class='ocrx_word' id='word_1_240' title='bbox 1131 4321 1217 4379; x_wconf 88' lang='lat' dir='ltr'>esset</span> <span class='ocrx_word' id='word_1_241' title='bbox 1244 4319 1314 4379; x_wconf 91' lang='lat' dir='ltr'>tota</span> 
     </span>
    </p>
   </div>
   <div class='ocr_carea' id='block_1_7' title="bbox 148 4416 1315 4615">
    <p class='ocr_par' dir='ltr' id='par_1_9' title="bbox 148 4416 1315 4615">
     <span class='ocr_line' id='line_1_30' title="bbox 148 4416 1315 4517; baseline 0.003 -20"><span class='ocrx_word' id='word_1_242' title='bbox 148 4452 297 4515; x_wconf 86' lang='lat' dir='ltr'>sequens</span> <span class='ocrx_word' id='word_1_243' title='bbox 320 4434 424 4499; x_wconf 89' lang='lat' dir='ltr'>oratio</span> <span class='ocrx_word' id='word_1_244' title='bbox 447 4437 486 4497; x_wconf 83' lang='grc' dir='ltr'>ἂν</span> <span class='ocrx_word' id='word_1_245' title='bbox 509 4434 647 4515; x_wconf 82' lang='grc' dir='ltr'><em>δ’ὥσπερ</em></span> <span class='ocrx_word' id='word_1_246' title='bbox 671 4485 677 4496; x_wconf 93' lang='grc'><strong>.</strong></span> <span class='ocrx_word' id='word_1_247' title='bbox 701 4484 707 4496; x_wconf 95' lang='grc'><em>.</em></span> <span class='ocrx_word' id='word_1_248' title='bbox 732 4485 737 4496; x_wconf 96' lang='grc'>.</span> <span class='ocrx_word' id='word_1_249' title='bbox 760 4433 794 4496; x_wconf 85' lang='grc' dir='ltr'>τὸ</span> <span class='ocrx_word' id='word_1_250' title='bbox 817 4416 949 4516; x_wconf 75' lang='grc' dir='ltr'><em>πλῆθος,</em></span> <span class='ocrx_word' id='word_1_251' title='bbox 977 4454 1045 4517; x_wconf 89' lang='lat' dir='ltr'>qua</span> <span class='ocrx_word' id='word_1_252' title='bbox 1067 4456 1155 4501; x_wconf 87' lang='lat' dir='ltr'>nova</span> <span class='ocrx_word' id='word_1_253' title='bbox 1178 4435 1315 4500; x_wconf 89' lang='lat' dir='ltr'>consilia</span> 
     </span>
     <span class='ocr_line' id='line_1_31' title="bbox 1082 4563 1099 4615; baseline 0 0"><span class='ocrx_word' id='word_1_254' title='bbox 1082 4563 1099 4615; x_wconf 88' lang='grc'>9</span> 
     </span>
    </p>
   </div>
   <div class='ocr_carea' id='block_1_8' title="bbox 0 0 1683 5144">
    <p class='ocr_par' dir='ltr' id='par_1_10' title="bbox 0 0 1683 5144">
     <span class='ocr_line' id='line_1_32' title="bbox 0 0 1683 5144; baseline 0 0"><span class='ocrx_word' id='word_1_255' title='bbox 0 0 1683 5144; x_wconf 95' lang='lat' dir='ltr'> </span> 
     </span>
    </p>
   </div>
  </div>
 </body>
</html>
