3306 5144
670 447 729 510 127

37 705 38 726 ¹
126 639 193 721 περὶ
209 639 361 712 ὀδόντων,
384 637 476 722 quod
492 637 546 704 vel
562 637 604 702 ob
620 638 753 702 hiatum
773 637 934 723 displicet,
957 639 1044 720 περὶ
1065 639 1282 718 τριοδόντων.

130 760 277 841 Τριόδους
294 759 460 844 significat
475 759 531 824 hic
549 760 811 824 instrumentum
829 758 1001 844 quoddam
1012 758 1150 824 tridenti
1166 760 1284 844 simile,

37 891 38 978 i
128 881 220 946 cuius
231 883 300 946 ictu
312 881 428 966 pisces,
441 881 609 966 praecipue
621 881 788 966 anguillae,
800 881 968 945 feriuntur
979 880 1030 964 (cf.
1042 881 1125 946 Plat.
1140 882 1284 968 Sophist.

126 1025 155 1088 p.
179 1006 284 1081 asoa
306 1001 405 1067 11111.
423 1001 500 1066 nse.
518 1002 811 1083 anim.1v‚1o,4;
833 1003 986 1080 1x‚1,4;
1009 1002 1090 1067 Pon
1104 1003 1223 1069 enom.
1240 1005 1284 1084 x,

37 1167 38 1184 2
127 1123 205 1207 133),
246 1123 405 1208 quodque
437 1123 556 1188 Latine
590 1124 731 1201 fuscina,
770 1130 884 1189 nostra
922 1123 1040 1208 lingua
1081 1125 1282 1211 ‘Aalelyster'

125 1252 270 1312 vocatur.
326 1244 401 1309 Hoc
428 1244 453 1308 ii
480 1245 540 1329 qui
566 1244 609 1308 ad
637 1265 730 1309 oram
757 1245 962 1310 maritimam
983 1244 1138 1311 habitant
1159 1247 1285 1332 optime

126 1372 260 1445 norunt,
290 1367 404 1450 itaque
433 1366 601 1451 scriptoris
628 1367 838 1432 institutione
867 1388 937 1432 non
958 1373 1065 1451 egent.
1110 1367 1286 1434 Hactenus

125 1488 301 1553 Doehnero
329 1487 500 1565 assentior,
535 1487 692 1572 suspicor
725 1488 816 1552 enim
851 1488 922 1552 eius
956 1487 1049 1552 modi
1078 1491 1284 1573 argumentis

124 1631 200 1674 eum
224 1608 425 1674 sententiam
448 1630 545 1673 suam
568 1609 791 1687 confirmasse,
821 1608 880 1674 sed
908 1609 944 1672 in
974 1610 1191 1693 sequentibus
1213 1633 1285 1696 pra-

123 1752 200 1797 vam
223 1729 475 1815 Wyttenbachii
497 1731 722 1795 coniecturam
746 1731 882 1814 ίδιδόξαι
905 1731 965 1813 γὰρ
986 1731 1044 1814 τὴν
1065 1732 1184 1815 χρείαν)
1213 1754 1286 1817 pro-

123 1853 200 1918 bare
223 1875 293 1918 non
316 1851 439 1919 debuit.
485 1847 624 1936 Scripsit
653 1852 744 1916 enim
773 1852 845 1916 sine
874 1852 976 1918 dubio
998 1853 1198 1918 Plutarchus
1221 1854 1282 1919 sic:

123 1977 190 2058 περὶ
225 1975 427 2058 τριοδόντων,
461 1973 514 2038 ὥν
547 1973 669 2047 ἐδίδαξε
702 1973 758 2056 τὴν
789 1975 905 2057 χρείαν,
944 1975 964 2039 1.
999 1995 1025 2039 e.
1063 1973 1112 2055 ‘de
1144 1975 1285 2040 luscinis

37 2101 38 2126 ¹
123 2117 267 2182 quarum
294 2117 395 2160 usum
423 2095 555 2160 docuit'.
610 2094 734 2160 Nocuit
766 2095 868 2159 etiam
899 2096 963 2161 hoc
995 2096 1067 2161 loco
1097 2095 1283 2161 litterarum

37 3931 38 3954 ι
118 3897 252 3983 ruptela
279 3905 348 3962 tam
377 3899 442 3964 late
471 3899 632 3977 manavit,
663 3904 701 3962 ut
723 3899 824 3964 etiarn
846 3899 1028 3964 nobishoc
1050 3899 1122 3965 loco
1144 3901 1281 3987 aliquid,

37 4213 38 4224 ¹
119 4141 335 4226 participium
351 4149 522 4226 τηροῦντας
534 4141 777 4206 alienissimum
790 4163 861 4206 esse
878 4141 921 4206 ab
934 4143 1093 4208 orationis
1105 4145 1280 4224 sententia,

123 2217 316 2284 similitudo.

116 2589 149 2652 p
174 2565 317 2646 reeb(
298 2565 386 2651 (cap
411 2564 527 2648 XVI).

205 2688 252 2750 ὅτι
273 2687 414 2769 μὲνγὰρ
437 2687 552 2768 ἰσχύειν
575 2685 734 2749 δίδωσι
706 2711 741 2749 το
764 2693 888 2768 πνεῦμα
917 2686 1063 2768 δηλοῦσιν
1086 2690 1116 2752 οἱ
1137 2691 1282 2767 ἀλεῖπται,

120 2810 191 2880 τοὺς
215 2808 355 2891 ἀθλητὰς
376 2809 554 2877 κελεύοντες
570 2808 752 2890 ἀντερείδειν
771 2815 837 2877 ταῖς
852 2810 972 2890 τρίψεσι
988 2809 1041 2870 καί
1058 2813 1284 2892 παρεγκόπτειν

120 2937 292 3012 τηροῦντας
331 2930 378 2992 ἀεὶ
420 2929 457 2990 τὰ
500 2927 701 3011 πλασσόμενα
746 2931 828 3012 μέρη
873 2929 926 2992 καὶ
963 2930 1188 3014 ψηλαφώμενα
1225 2942 1281 2999 τοῦ

121 3053 277 3134 σώματος

206 3173 261 3238 Sic
288 3171 365 3236 libri
394 3171 465 3235 sine
494 3170 562 3235 ulla
591 3171 822 3256 discrepantia,
857 3171 922 3236 nisi
949 3171 1076 3255 quod
1067 3195 1103 3236 111
1132 3177 1284 3260 margine

120 3293 244 3357 codicis
274 3292 304 3357 A
337 3292 544 3376 adscriptum
577 3294 853 3375 εε1ἒγκάμιιτειν.
909 3293 1126 3378 Quamquam
1159 3299 1284 3362 summi

120 3415 226 3478 critici
248 3414 499 3479 Meziriacuset
521 3413 744 3498 Madvigium)
773 3415 964 3479 certissimis
995 3415 1224 3481 coniecturis
1214 3439 1282 3482 ram

120 3535 187 3601 duo
223 3535 347 3600 menda
380 3535 482 3599 huius
512 3534 576 3599 loci
605 3541 699 3599 sustu
662 3533 821 3613 tu‚lerunt
852 3535 935 3600 alter
962 3536 1052 3600 enim
1079 3541 1283 3622 1εα1εἰσχύν

118 3679 179 3741 pro
204 3657 319 3740 ἰσχύειν
341 3655 441 3721 scribi
463 3656 569 3734 iussit,
598 3655 645 3720 alt
631 3662 681 3720 ter
707 3656 879 3740 ingeniose
901 3678 918 3721 e
942 3663 1097 3743 corrupta
1119 3659 1221 3744 script
1222 3682 1284 3726 ura

118 3778 345 3860 παρεγκόπτειν
372 3778 556 3862 genuinam
585 3780 813 3860 παρεγκόπτειν
841 3778 1037 3856 enucleavit,
1073 3785 1186 3844 tamen
1217 3802 1283 3848 cor·

119 4018 212 4104 quod
229 4021 431 4086 correctione
449 4026 568 4105 egeret,
587 4019 791 4105 reliquerint.
835 4021 952 4105 Neque
964 4020 1021 4085 alii
1034 4043 1102 4086 non
1113 4022 1280 4102 viderunt,

1178 4323 1277 4332 —-

155 4425 177 4491 ¹)
196 4429 254 4485 vu.
274 4430 388 4486 advers.
407 4431 464 4485 ιω.
483 4431 495 4485 1
513 4448 540 4499 p.
558 4393 619 4484 aas.
