3306 5144
717 485 758 548 95

242 679 283 742 ln
300 676 394 742 libris
409 675 604 741 melioribus
621 683 730 742 exstat
748 678 853 758 κακίᾳ,
871 677 908 740 in
925 674 1144 742 deterioribus
1160 676 1320 762 aliquot1)

157 806 246 866 recte
276 801 380 864 κακία.
437 798 569 874 Quibus
599 819 678 864 vero
705 797 892 864 rationibus
920 805 1106 863 commotus
1129 797 1322 864 Hercherus

156 923 223 987 hoc
250 920 454 987 vocabulum
484 918 651 1008 deleverit,
685 941 754 984 uon
784 919 949 1004 intellege.
1005 919 1214 998 Plutarchus,
1243 941 1322 985 cum

157 1043 400 1110 conscientiam
422 1041 519 1126 quasi
540 1040 735 1126 loquentem
756 1040 895 1119 inducit,
922 1043 1018 1122 ‘cave'
1043 1041 1163 1126 inquit,
1190 1062 1239 1122 ¹ne
1261 1041 1324 1106 tibi

156 1165 242 1230 alios
271 1163 454 1248 exagitanti
481 1163 604 1229 vitium
625 1162 762 1247 aliquod
784 1183 826 1228 ex
848 1162 972 1247 angulo
994 1163 1100 1227 animi
1121 1163 1172 1227 tui
1196 1163 1323 1260 (καθέν)
1367 1183 1424 1225 αι,
1440 1151 1451 1216 ἶ
1465 1204 1482 1218 ,ι
1603 1129 1614 1232 ,’

157 1285 340 1372 exprobrat
360 1284 444 1350 illud
465 1283 635 1369 tragoedi.
680 1284 788 1368 igitur
804 1305 901 1349 suam
918 1284 1077 1370 quodque
1094 1285 1192 1369 quasi
1211 1284 1324 1349 sedem

157 1409 194 1472 in
237 1407 352 1472 animo
390 1405 474 1471 vitia
512 1404 636 1470 habere
669 1405 768 1490 fingit
799 1426 838 1470 ao
870 1426 913 1470 ne
957 1383 1033 1490 quis
1077 1405 1118 1470 de
1159 1407 1325 1471 sententia

27 1595 30 1636 ,Ι
157 1528 340 1605 dubitaret,
370 1527 533 1612 praemisit
553 1526 611 1592 illa
632 1527 746 1591 ἐνδύου
768 1534 806 1610 τῇ
827 1533 926 1610 ψυχῇ,
954 1548 1040 1611 quae,
1063 1527 1092 1591 si
1114 1527 1325 1592 Hercherum

27 1729 28 1736 ἵ
158 1671 355 1735 sequamur,
378 1649 493 1733 inepta
515 1648 591 1727 sint,
613 1669 695 1713 narn
717 1649 873 1732 quamvis
895 1648 1067 1713 innocenti
1081 1648 1212 1713 homini
1228 1647 1327 1713 male-
1353 1650 1362 1734 l

27 1757 29 1830 ᾗ
157 1772 260 1839 volus
282 1770 403 1854 aliquis
425 1769 506 1834 talia
528 1768 657 1836 obicere
679 1775 796 1855 potest.
1359 1770 1386 1814 ἰ

156 2112 189 2176 ρ.
216 2090 294 2156 900
315 2099 403 2173 (cop.
435 2087 552 2170 VIII).

251 2211 305 2274 καὶ
347 2209 382 2273 τὸ
429 2212 501 2290 ιίκια
546 2211 727 2282 ἐξίπτασθαι
766 2215 830 2273 τῶν
868 2212 1020 2294 ῥημάτων
1057 2211 1226 2292 αὐτόματα
1266 2216 1329 2279 τοῖς

160 2333 354 2414 ἀνασκήτοις
391 2332 522 2414 μάλιστα
563 2333 680 2414 θυμοῖς
696 2331 780 2426 ἰσίαν
808 2333 1008 2395 ὀλισθάνουσι
1039 2332 1095 2422 καὶ
1133 2332 1376 2420 ὁιαρρὲουσικβ.

161 2455 350 2537 ἐπιγίγνεται
390 2454 427 2516 δι’
468 2453 633 2516 ἀσθένειαν
670 2454 780 2535 θυμοῦ
821 2454 873 2542 δι’ι
899 2454 1021 2536 ἀκρατῆ
1059 2427 1327 2542 γνώμηνι’ὃιαίτῃ

275 2577 283 2598 Ι
817 2536 854 2584 It!
859 2553 867 2583 1

160 2579 311 2659 θρασειᾳ.

255 2696 323 2772 Qui
344 2695 502 2760 traditam
526 2695 726 2781 scripturam
748 2703 836 2761 recte
858 2696 1023 2782 explicare
1045 2702 1154 2782 potest
1173 2694 1332 2779 ⁴Oedipus

162 2841 236 2884 non
260 2818 373 2883 Davos
396 2820 452 2882 est'
478 2823 516 2880 ut
538 2838 614 2900 ego;
637 2816 868 2902 improbabilis
891 2819 1081 2884 coniectura
1096 2817 1234 2894 Reiskii,
1258 2816 1333 2880 scri·

162 2939 279 3005 bentis
298 2939 334 3002 δι’
356 2939 486 3020 ἀγωγὴν
508 2939 660 3021 θρασείαν
681 2960 741 3023 pro
766 2940 863 3022 διαίτῃ
886 2941 1029 3022 θρασείᾳ,
1052 2960 1120 3024 qua
1137 2959 1198 3003 nec
1216 2959 1333 3002 sensus

163 3060 354 3127 admodum
372 3060 509 3126 iuvatur
526 3081 636 3144 neque
654 3082 770 3125 omnes
787 3060 950 3125 tolluntur
967 3060 1188 3138 difficultates,
1212 3059 1333 3124 falsam

165 3182 313 3248 orationi
346 3181 546 3265 integritatis
580 3183 725 3266 speciem
758 3182 897 3247 inducit.
962 3181 1062 3258 Quod
1095 3182 1123 3246 si
1156 3182 1231 3266 quis
1263 3203 1332 3245 non

165 3303 284 3380 credit,
319 3303 452 3387 singula
478 3325 613 3368 mecum
646 3303 803 3388 deinceps
836 3304 918 3370 vitia
951 3310 1185 3388 persequatur;
1221 3303 1274 3367 ita
1301 3309 1334 3365 et

165 3446 295 3512 genera
316 3425 511 3510 corruptelae
534 3433 567 3489 et
588 3425 757 3491 temeritas
776 3425 988 3490 correctionis
1005 3425 1205 3502 Reiskianae,
1229 3444 1332 3509 quam

167 3568 267 3632 aeque
284 3553 408 3610 temere
427 3545 551 3629 recepit
569 3545 770 3624 Hercherus,
789 3547 909 3611 clarius
927 3545 1146 3631 apparebunt.
1180 3545 1333 3609 Primum

167 3669 275 3754 igitur
297 3666 429 3731 difficile
453 3666 545 3731 dictu
567 3669 625 3745 est,
649 3667 732 3752 quid
752 3668 808 3732 hic
831 3668 940 3734 valeat
962 3668 1104 3733 verbum
1121 3667 1333 3750 διαρρέουσιν;

169 3788 295 3855 deinde
317 3789 386 3856 sive
408 3787 511 3852 altero
534 3789 605 3853 loco
624 3791 732 3872 θυμόν
748 3790 833 3854 iram
852 3797 886 3854 et
901 3789 1076 3853 libidinem
1094 3789 1164 3854 sive
1181 3788 1335 3852 animum

169 3912 441 3995 interpretamur,
466 3911 611 3974 ἀσθένεια
633 3911 692 3976 vix
708 3918 834 3975 rectam
851 3911 1051 3975 sententiam
1069 3909 1192 3974 habere
1211 3915 1334 3994 potest;

172 4031 446 4098 coniunctionem
483 4040 560 4116 post
591 4034 700 4116 θυμοῦ
734 4054 820 4116 aegre
854 4032 1043 4110 desiderari,
1082 4011 1151 4096 iam
1186 4031 1336 4114 Wytten-

171 4154 315 4219 bachius
328 4152 421 4230 vidit‚
440 4153 499 4237 qui
518 4154 554 4218 in
571 4153 919 4219 animadversionibus
937 4176 1006 4219 non
1018 4155 1090 4218 sine
1102 4151 1334 4238 probabilitate

177 4355 181 4359 .
188 4353 756 4360 -—-.-———.—--.-..,—-—
780 4355 1071 4361 “,--.-
1081 4352 1334 4359 —..-—.—.—--—-

213 4477 234 4541 ¹)
253 4482 281 4534 T.
300 4481 330 4536 V.
349 4481 379 4534 B.
