3306 5144
724 482 783 544 135
823 526 826 540 ,

172 678 213 735 ut
246 671 409 755 particula
440 674 508 754 μέν,
547 693 756 756 quamquam
789 673 885 738 facile
919 672 1135 749 desideratur,
1177 673 1337 738 exciderit

173 800 250 877 post
279 794 327 870 ἒν;
362 792 485 857 locutio
513 793 548 856 τὸ
579 795 771 876 ζητούμενον
798 795 875 865 ἕδος
896 794 1044 860 Platonis
1075 793 1208 858 dicendi
1229 816 1336 879 genus
1396 824 1398 828 ¹

172 915 338 992 imitatur3
363 914 402 978 cf.
427 913 509 978 Plat.
535 915 635 999 Soph.
660 915 755 981 235d
785 916 840 997 τὴν
870 918 1063 999 ζητουμένην
1090 917 1192 994 ἰδέαν;
1227 937 1333 1000 comp.

171 1044 332 1121 praeterea
354 1035 393 1100 R.
418 1035 508 1120 publ.
532 1036 581 1102 IV
604 1059 635 1120 p.
665 1040 774 1115 laam
809 1037 896 1101 Men.
928 1036 1019 1114 79d;
1048 1037 1202 1121 Epinom.
1226 1041 1334 1114 974a3

170 1158 296 1222 Thoan.
322 1159 380 1222 201
394 1178 430 1234 a;
453 1157 580 1222 Politic.
605 1161 665 1224 267
679 1179 704 1222 o.

163 1541 203 1604 p.
228 1518 294 1585 136
307 1519 327 1586 δ
349 1519 437 1604 (cop.
460 1519 595 1601 XXV).

258 1691 272 1720 ι.
296 1690 302 1702 ,
327 1689 334 1703 .
362 1642 406 1710 είς
429 1641 549 1722 ἀγορὰν
571 1644 590 1723 ἢ
614 1640 713 1722 αὐλὴν
737 1642 757 1721 ἥ
779 1664 844 1702 τινα
866 1642 1080 1723 πραγματείαν
1102 1641 1258 1723 διαπύρου
1280 1642 1334 1704 καὶ

169 1762 322 1825 συντόνου
347 1762 499 1844 δεομένην
522 1762 663 1844 σπουδῆς
684 1762 901 1843 ἐλαυνόμενον.

256 1882 361 1958 Quasi
394 1881 574 1947 Plutarcho
602 1882 711 1947 iudice
745 1904 854 1967 neque
893 1883 1005 1946 lorum
1040 1904 1149 1967 neque
1182 1884 1260 1948 aula
1294 1905 1333 1948 ea

92 1995 95 2005 ‘
168 2006 305 2089 negotia
316 2005 392 2081 sint,
410 2025 486 2088 quae
504 2003 654 2068 studium
666 2010 833 2069 attentum
851 2004 1032 2088 requirant.
1068 2003 1174 2070 Credo
1192 2003 1334 2070 scriben-

169 2127 253 2191 dum
270 2147 340 2190 esse
364 2127 406 2195 εἰς
429 2125 549 2207 ἀγορὰν
571 2129 590 2208 ἢ
614 2125 739 2207 αὐλὴν
761 2129 780 2208 ἢ
804 2126 925 2208 ἄλλην
945 2126 1011 2188 τινὰ
1033 2128 1248 2208 πραγματείαν
1269 2128 1331 2190 κτλ.

169 2248 295 2312 Nocuit
323 2245 507 2312 similitudo
535 2245 721 2311 litterarum
751 2245 906 2312 vocabuli
941 2243 1174 2312 antecedentis
1198 2248 1331 2331 (αὐλήν).

165 2651 200 2713 p.
224 2625 327 2694 137d
349 2626 437 2712 (cap.
463 2626 636 2708 XXVII).

252 2748 310 2812 εἶδ’
344 2749 390 2818 ὡς
423 2749 440 2811 ὁ
473 2750 552 2830 βοῦς
581 2747 664 2829 πρὸς
691 2748 747 2829 τὴν
777 2747 958 2830 ὁμόδουλον
986 2748 1069 2829 ἔλεγε
1095 2748 1240 2831 κάμηλον
1263 2797 1270 2810 .
1293 2798 1299 2809 .
1324 2798 1329 2808 .

171 2872 256 2934 οὕτω
286 2871 448 2951 συμβαίνει
479 2877 515 2952 τῇ
547 2877 636 2952 ψυχῇ
669 2870 722 2931 καὶ
749 2869 848 2951 μικρὰ
875 2869 1007 2951 χαλάσαι
1034 2870 1088 2932 καὶ
1114 2875 1258 2952 παρεῖναι
1284 2869 1329 2951 μὴ

165 2992 347 3074 βουλομένῃ
376 2997 523 3054 πονοῦντι
551 2991 605 3054 καί
634 2992 785 3073 δεομένῳ,
813 2991 877 3073 μετ’
909 2991 1014 3071 ὀλίγον
1045 2997 1180 3071 πυρετοῦ
1208 2994 1330 3073 τινοςῆ

168 3115 391 3194 σκοτώματος·
414 3112 603 3194 ἐμπεσόντος
641 3114 754 3194 ἀφεῖσα
792 3112 829 3174 τὰ
867 3112 970 3194 βιβλία
1004 3161 1011 3174 .
1045 3162 1050 3173 .
1085 3163 1091 3175 .
1125 3113 1331 3194 ἀναγκάζεται

168 3241 329 3298 συννοσεῖν
351 3234 413 3297 κτλ.

254 3355 430 3420 Structura
456 3355 579 3420 horum
607 3353 788 3421 verborum
817 3355 995 3419 manifesto
1024 3355 1158 3419 turbata
1187 3361 1250 3432 sst;
1285 3355 1331 3423 ὡς

166 3485 243 3564 post
264 3477 326 3542 εἶτα
349 3474 479 3541 addidit
497 3475 776 3560 Wyttonbachius
802 3497 852 3556 ,ex
864 3476 1021 3541 Vossiani
1043 3477 1214 3560 margine,
1237 3475 1329 3540 fonte

165 3599 373 3664 auctoritatis
396 3597 493 3664 valde
516 3597 659 3675 incertae,
684 3596 742 3661 sed
765 3618 843 3662 curn
865 3596 1071 3662 desideretur
1093 3617 1179 3681 aegre
1201 3594 1330 3680 aliquid

166 3723 239 3786 eius
266 3718 368 3798 modi,
398 3741 467 3785 non
497 3719 722 3785 dubitaverim
756 3718 913 3783 lacunam
941 3719 1147 3803 reliquorum
1175 3717 1329 3783 codicum

165 3845 215 3908 ita
236 3841 377 3928 explere.
421 3841 699 3906 Coniunctionsm
722 3841 776 3904 καὶ
798 3846 875 3904 ante
897 3843 1004 3922 μικρά,
1024 3861 1104 3924 quae
1126 3840 1163 3903 in
1185 3860 1254 3905 uno
1276 3839 1330 3906 vel

165 3963 320 4051 pluribus
348 3963 519 4028 codicibus
547 3963 660 4027 deesse
687 3961 822 4028 videtur
849 3963 969 4047 (nequo
999 3962 1090 4026 enim
1117 3961 1158 4026 de
1188 3982 1329 4026 numero

164 4108 209 4151 ex
242 4083 517 4150 annotationibus
547 4083 715 4148 editorum
744 4082 932 4168 quidquam
962 4083 1072 4168 colligi
1099 4082 1226 4170 potest),
1260 4083 1329 4146 iarn

164 4206 363 4272 Meziriacus
401 4204 578 4270 delendam
618 4226 688 4270 esse
725 4204 864 4282 censuit,
908 4206 1048 4270 fortasse
1081 4205 1214 4282 iniuria,
1248 4224 1328 4269 nam

165 4329 273 4394 donec
305 4327 346 4392 de
379 4327 583 4412 optimorum
616 4325 777 4390 librorum
811 4327 977 4411 scriptura
1022 4325 1215 4403 constiterit,
1250 4345 1326 4389 cum

164 4471 275 4534 neque
303 4456 463 4534 appareat
491 4471 559 4533 quo
587 4468 695 4514 errore
718 4453 790 4512 orta
813 4447 864 4526 sit,
899 4454 932 4512 et
958 4447 1090 4512 libellus
1111 4447 1166 4511 hic
1189 4447 1327 4512 omnino
