3282 5146
872 490 913 552 60

310 702 347 767 p.
370 681 414 748 53
426 681 451 747 d
472 681 561 766 (cap.
585 681 665 765 IX).

400 804 464 867 ἀλλ’
489 804 597 884 ὥσπερ
627 803 793 884 οἱφαῦλοι
822 803 988 884 ζωγράφοι
1017 851 1024 863 .
1048 851 1054 863 .
1078 851 1083 862 .
1112 802 1145 864 ἓν
1168 802 1263 882 ῥυτίσι
1286 800 1339 863 καὶ
1361 805 1478 882 φακοῖς

316 928 369 989 καὶ
391 925 497 994 οὐλαῖς
518 925 573 994 τάς
594 924 780 1007 ὁμοιότητας
801 924 1024 1005 ἀναφέρουσιν.

401 1047 539 1110 Temere
562 1045 754 1110 Hercherus
776 1046 988 1127 ἀναφέρουσιν
1010 1045 1046 1107 in
1069 1044 1295 1126 ἀναφαίνονσιν
1313 1043 1475 1122 mutavit;

317 1167 439 1233 tradita
467 1168 631 1252 scriptura
660 1173 747 1231 reete
775 1187 809 1231 se
832 1165 949 1243 habet;
980 1166 1020 1229 ef.
1044 1165 1131 1229 Plut.
1155 1165 1247 1229 Brut.
1272 1185 1342 1250 eap.
1366 1164 1383 1228 Ι
1406 1186 1430 1228 s.
1454 1166 1476 1229 t'.

317 1291 359 1375 (p.
383 1293 446 1356 984
458 1288 504 1372 dl:
532 1295 597 1352 τῶν
620 1338 626 1350 .
650 1339 656 1350 .
680 1338 686 1350 .
709 1290 745 1351 εἰι
767 1295 821 1370 τῆς
843 1289 943 1370 οἶηίας
965 1287 1140 1368 γεγονότων
1162 1288 1325 1368 ἐπιφανῶν
1347 1287 1478 1369 ἀνδρῶν

317 1413 533 1494 ἀναφέρειν
576 1412 677 1481 ἐνίους
718 1409 799 1492 πρὸς
842 1409 896 1473 τόν
939 1410 1105 1491 ἀνδριάντα
1146 1415 1200 1471 τοῦ
1234 1409 1381 1492 Βρούτον
1422 1408 1479 1492 τὴν

317 1535 533 1616 ὁμοιότητα
555 1539 610 1614 τῆς
631 1532 732 1610 ι’ἀέας;
755 1537 916 1615 praeterea
933 1531 1048 1595 lleral.
1071 1552 1103 1615 p.
1129 1534 1229 1606 1260,
1254 1534 1315 1597 140
1328 1551 1355 1598 e.
1380 1531 1479 1608 7621',

317 1656 414 1732 serf,
438 1655 507 1719 Cat.
533 1653 618 1719 Utie.
644 1673 669 1717 ο.
694 1652 794 1717 XXV
817 1653 889 1715 init,
913 1651 954 1736 (p.
979 1651 1085 1737 770l).
1131 1651 1297 1716 Omnibus
1319 1652 1374 1715 his
1396 1652 1479 1716 loeis

318 1778 404 1841 sieut
420 1783 534 1840 nestro
551 1777 719 1857 ἀναφέρειν
737 1799 763 1836 τι
782 1773 947 1856 signifieat
968 1773 1083 1853 ‘lacem
1101 1780 1139 1837 ut
1150 1773 1278 1857 aliquid
1289 1776 1479 1857 appareat’;

319 1899 445 1962 Daniee
470 1896 552 1978 ‘lade
574 1904 675 1979 neget
696 1894 904 1959 fremtraede’.

317 2288 348 2349 p.
374 2267 449 2332 540
470 2265 558 2348 (cap.
583 2265 643 2346 X).

403 2389 421 2449 ὁ
445 2387 479 2449 δὲ
506 2386 605 2457 κόλαξ
634 2385 681 2447 ἀεὶ
702 2385 914 2466 μνημονεύων
934 2390 989 2446 τοῦ
1019 2384 1055 2446 τὰ
1079 2384 1206 2465 δεύτερα
1234 2385 1331 2465 λέγειν
1358 2386 1482 2467 ὑφίεται

318 2517 355 2592 τῇ
378 2508 535 2590 ὁμοιότητι
557 2514 611 2589 τῆς
639 2507 785 2588 ἰσότητος,
814 2506 964 2586 ἡττᾶσθαι
985 2511 1145 2588 πανταχοῦ
1175 2505 1229 2568 καὶ
1256 2506 1482 2571 ἀπολείπεσθαι

310 2631 391 2713 πλὴν
412 2635 476 2692 τῶν
500 2629 634 2709 φαύλων
659 2628 835 2709 ὁμολογῶν.

396 2751 507 2826 Quem
536 2768 672 2813 sensum
705 2746 828 2812 habeat
859 2747 982 2812 locutio
1014 2749 1137 2830 ὑφίεναι
1165 2755 1202 2831 τῇ
1236 2749 1393 2832 ὁμοιότητι
1421 2758 1477 2833 τῆς

266 2955 272 2968 ¹
310 2875 457 2956 ἰσότητος,
495 2870 652 2955 equidem
690 2891 744 2934 me
779 2869 906 2933 nescire
933 2868 1073 2934 libenter
1100 2870 1214 2934 fateor.
1265 2871 1404 2970 Frpstra
1439 2872 1476 2936 in

309 2995 362 3059 his
395 2993 540 3058 tenebris
573 2991 779 3057 illustrandis
814 2990 943 3054 laborat
970 2991 1261 3076 Wyttenbaehius
1290 2993 1350 3076 qui
1379 2993 1472 3076 quod

310 3115 582 3199 interpretatione
626 3114 762 3189 Latina,
802 3133 870 3196 qua
913 3113 949 3176 in
992 3113 1340 3179 animadversionibus
1381 3115 1475 3180 hrme

309 3237 421 3302 lecum
449 3234 492 3299 ad
519 3233 660 3301 verbum
683 3234 723 3299 de
747 3233 872 3298 Graecis
895 3234 1061 3318 exprimit,
1092 3235 1145 3300 vel
1174 3236 1245 3320 ipse
1274 3242 1312 3299 ut
1338 3235 1475 3302 videtur

310 3379 431 3443 parum
461 3363 646 3433 contentus,
681 3377 816 3440 prorsus
850 3360 965 3420 eontra
998 3355 1276 3421 consuetudinem
1309 3359 1473 3423 sermonis

310 3479 482 3543 Plutarchi
498 3484 531 3542 et
553 3479 691 3542 omnino
709 3477 825 3542 solutae
848 3477 1007 3542 orationis
1029 3477 1233 3543 vocabulum
1255 3479 1403 3562 ὁμοιότης
1425 3480 1472 3545 ita

14 3631 36 3651 s,
59 3617 121 3696 ,f-
138 3613 244 3648 m·
310 3601 391 3686 p0ni
423 3620 519 3684 p0sse
546 3599 652 3684 fingit,
686 3605 725 3663 ut
752 3600 958 3702 significetur
987 3600 1113 3680 ‘similis
1140 3601 1261 3679 heme',
1296 3600 1474 3685 probabili·

309 3728 413 3786 tatem
436 3729 522 3786 certe
545 3743 613 3786 non
636 3723 795 3807 sequitur.
842 3721 929 3786 Cum
956 3722 1119 3786 mendum
1146 3721 1239 3786 haud
1262 3721 1404 3786 dubium
1427 3723 1471 3787 sit

309 3864 419 3927 neque
439 3843 622 3921 commode,
641 3851 808 3928 quantum
827 3842 935 3920 video,
955 3844 1194 3908 correctionem
1217 3843 1335 3908 litterae
1354 3843 1473 3908 admit

310 3971 384 4030 tant
410 3985 520 4048 neque
548 3964 735 4049 quidquam
762 3964 919 4029 laeunam
944 3965 1075 4048 arguat,
1110 3955 1246 4030 eausam
1274 3965 1470 4050 corruptelae

309 4087 346 4150 in
367 4084 548 4152 verborum
570 4085 686 4150 ordine
708 4085 842 4151 turbate
865 4085 1082 4170 quaerendam
1110 4106 1181 4150 esse
1210 4093 1307 4170 put0;
1338 4108 1419 4151 nam
1442 4087 1471 4151 si

310 4207 512 4274 vocabulum
533 4213 570 4288 τῇ
590 4207 747 4290 ὁμοιότητι
769 4215 846 4272 ante
868 4206 1077 4272 infinitivum
1095 4208 1192 4288 λέγειν
1208 4208 1469 4293 transponimus,

310 4336 343 4393 et
370 4327 535 4393 sententia
563 4328 724 4392 satisfacit
752 4334 784 4392 et
812 4329 916 4394 oratio
939 4335 1016 4412 apte
1039 4329 1122 4407 fluit,
1156 4351 1260 4413 quam
1281 4329 1400 4394 Latine
1422 4330 1470 4394 sie

310 4450 377 4513 fere
407 4447 544 4514 reddere
566 4448 658 4514 lieet:
696 4447 857 4530 ¹adulator
878 4455 1002 4529 autem,
1036 4471 1115 4516 eum
1137 4471 1276 4538 semper,
1312 4449 1404 4535 quod
1425 4449 1469 4515 ad
