3306 5144
864 431 924 495 136

312 621 625 707 interpolationibus
643 630 747 700 vacet,
771 622 900 687 lacunis
912 629 1045 700 scateat,
1063 622 1270 708 probabilius
1287 630 1485 688 statuemus

312 743 519 840 intercidisse
541 749 619 809 ante
646 744 699 807 καὶ
726 742 932 810 adiectivum
953 743 1046 809 velut
1066 745 1187 826 φαῦλα;
1217 744 1347 830 plenior
1369 745 1485 809 oratio

313 865 439 950 optime
462 885 540 929 cum
562 864 761 949 ambagibus
781 865 954 929 Plutarchi
976 866 1134 931 convenit
1152 865 1484 949 (χαλάσαι-παρεῖναι;

312 988 635 1068 πονοῦντι-ὄεομένῳ;
669 985 1056 1069 συννοσεῖν-συγκάμνειν).
1110 986 1225 1052 Altera
1251 987 1374 1051 lacuna
1402 993 1487 1072 post

315 1109 458 1191 δεομένῳ
492 1105 657 1192 signanda
686 1114 750 1186 est;
780 1129 861 1172 nam
890 1107 962 1172 fieri
985 1129 1053 1172 non
1076 1114 1194 1192 potest,
1218 1115 1256 1172 ut
1278 1109 1325 1172 sic
1347 1107 1488 1173 infinite

315 1229 464 1315 posuerit
503 1229 643 1314 scriptor
676 1229 861 1314 pa1ticipia,
903 1236 1050 1293 πονοῦντι
1083 1236 1117 1293 et
1149 1231 1307 1313 ὁεομὲνῳ;
1352 1235 1488 1294 certam

315 1351 497 1428 notionem,
521 1350 625 1416 immo
648 1371 751 1415 unam
775 1351 905 1435 flagitat
925 1351 1106 1417 verborum
1128 1351 1302 1429 sententia,
1326 1357 1365 1415 ut
1386 1350 1489 1415 baud

316 1471 509 1536 dubitanter
538 1478 614 1556 post
642 1472 785 1554 δεομένῳ
813 1473 1027 1556 interponam
1049 1481 1095 1555 τῷ
1117 1475 1247 1555 σώματι.
1256 1471 1279 1555 1)
1332 1471 1488 1537 Proinde

317 1614 395 1657 cum
413 1592 505 1657 locus
524 1593 579 1657 bic
598 1592 752 1678 pluribus
770 1594 957 1658 manifestis
972 1594 1101 1658 lacunis
1112 1593 1277 1658 laceratus
1296 1594 1339 1657 sit
1352 1592 1421 1671 sed,
1444 1593 1491 1657 ni

316 1715 422 1793 fallor,
445 1713 578 1780 mendis
601 1713 686 1778 alius
708 1715 840 1798 generis
862 1723 969 1794 vacet,
999 1716 1073 1800 ipsa
1094 1716 1274 1780 manifesta
1295 1715 1380 1780 vitia
1401 1736 1492 1799 quo-

318 1836 397 1901 dam
419 1834 520 1901 modo
552 1836 639 1899 mibi
665 1835 813 1900 indicare
842 1836 1009 1914 videntur,
1035 1835 1167 1920 ‘quibus
1194 1835 1350 1901 remediis
1377 1836 1490 1900 etiarn

318 1978 439 2023 manca
468 1963 501 2021 et
527 1977 632 2042 prava
659 1956 840 2023 verborum
868 1964 1035 2022 structura
1058 1957 1209 2022 sananda
1231 1959 1282 2036 sit,
1317 1958 1491 2022 nimirum

318 2079 447 2143 lacunis
455 2085 542 2144 recte
554 2077 737 2163 explendis,
747 2100 817 2144 non
825 2078 935 2144 verbis
943 2079 1074 2144 traditis
1084 2078 1234 2144 delendis
1242 2078 1492 2144 autmutandis

319 2199 412 2266 velut
434 2198 609 2264 scribendo
631 2201 1024 2282 ἀφεῖσαν-ἀναγκάζεσθαι.
1070 2200 1182 2276 Quare
1204 2201 1367 2265 librorum
1385 2202 1494 2286 scrip-

319 2328 432 2386 turam
453 2322 490 2385 in
511 2322 600 2385 hanc
621 2322 690 2386 iere
712 2323 914 2387 sententiam
936 2321 1180 2407 suppleverint:
1211 2324 1296 2386 οὕτω
1318 2324 1492 2405 συμβαίνει

319 2450 356 2526 τῇ
379 2451 468 2526 ψυχῇ
491 2444 621 2525 φαῦλα
643 2443 697 2506 καλ
718 2444 816 2526 μικρὰ
839 2445 971 2526 χαλάσαι
991 2442 1037 2526 Ιμὴ
1061 2445 1238 2526 βουλομένῃ
1261 2450 1409 2508 πονοῦντι
1431 2446 1494 2508 καὶ

322 2565 465 2647 δεομένῳ
485 2573 532 2646 τῷ
554 2567 705 2647 σώματι
726 2565 999 2647 μεταμελῆσαι
1017 2613 1024 2628 .
1035 2567 1099 2646 μετ’
1125 2566 1229 2646 ὀλίγον
1252 2566 1325 2646 γὰρ
1348 2573 1492 2646 πυρετοῦ

320 2711 403 2756 τινος
421 2686 483 2748 κτλ.
511 2685 623 2750 Aliam
637 2687 799 2750 rationein
813 2707 865 2750 me
877 2685 987 2749 iudice
999 2707 1120 2770 parum
1131 2685 1338 2770 probabilem
1350 2693 1493 2752 secutus

322 2807 584 2883 estHercherus,
604 2807 664 2890 qui
681 2805 789 2871 deleto
808 2806 910 2873 verbo
930 2808 1092 2890 συμβαίνει
1111 2809 1158 2871 sic
1176 2808 1322 2891 scripsit:
1343 2810 1446 2879 οὕτως
1467 2812 1492 2892 ἡ

322 2929 410 3012 ψυχὴ
439 2928 732 3011 μικρὰ-βουλομένη
761 2930 823 2992 κτλ.
879 2928 948 2992 Nec
971 2929 1079 3012 magis
1102 2929 1302 3014 scripturam
1329 2929 1493 2995 editionis

322 3048 547 3114 Bernardakis
573 3049 669 3132 (οὕτω
692 3052 854 3132 συμβαίνει
875 3057 912 3133 τῇ
935 3057 1025 3132 ψυχῇ
1047 3051 1145 3133 μικρὰ
1162 3051 1297 3133 χαλάσαι
1314 3051 1390 3134 κτλ.)
1415 3073 1495 3137 pro-

324 3170 402 3235 bare
430 3191 568 3254 possum
596 3184 629 3236 et
657 3177 792 3256 propter
814 3171 969 3248 rationes,
993 3192 1077 3255 quas
1100 3172 1240 3256 exposui
1263 3171 1360 3255 (certe
1383 3173 1490 3252 enirn,

324 3300 362 3356 ut
389 3298 498 3357 cetera
524 3291 688 3369 omittam,
712 3291 815 3358 verba
841 3300 887 3374 τῷ
907 3294 1029 3374 σώματι
1050 3291 1165 3356 abesse
1187 3314 1256 3357 non
1278 3294 1431 3378 possunt)
1454 3303 1493 3359 et

323 3413 415 3499 quod
442 3413 501 3479 vix
527 3421 614 3477 recte
646 3413 759 3478 Graece
788 3412 910 3477 dicitur
941 3415 1025 3477 οὕτω
1055 3436 1110 3496 μοι
1137 3416 1301 3496 συμβαίνει
1327 3423 1365 3479 ut
1387 3416 1492 3500 signi-

324 3536 441 3600 ficetur
466 3536 521 3616 ,ita
542 3555 676 3600 mecum
698 3536 828 3620 agitur'.

362 3782 384 3850 ¹)
404 3787 529 3842 Gertzius
548 3790 638 3856 magis
656 3791 714 3844 veri
725 3789 815 3843 simile
825 3804 886 3842 esse
900 3789 992 3854 credit,
1013 3789 1101 3842 verba
1114 3782 1150 3853 τῷ
1162 3783 1265 3852 σώματι
1281 3793 1343 3856 post
1355 3784 1490 3840 πονοῦντι

402 3888 487 3940 quam
507 3881 569 3943 post
587 3871 707 3942 δεομένῳ
727 3875 871 3937 excidisse,
891 3891 980 3943 neque
993 3892 1042 3942 ego
1055 3891 1138 3944 neg03
1156 3876 1229 3930 idem
1243 3880 1307 3944 post
1318 3872 1378 3938 μετ’
1392 3871 1490 3943 ὀλίγον

402 3961 569 4029 particulam
593 3958 644 4028 γάρ
667 3981 723 4018 non
753 3963 901 4029 desiderat,
931 3979 991 4030 quae
1014 3968 1108 4019 tamen
1131 3965 1261 4018 facillime
1285 3969 1349 4018 ante
1372 3974 1491 4030 πυρετοῦ

404 4049 529 4103 excidere
548 4051 641 4117 potuit.
