3306 5144
857 419 916 484 102

310 593 367 684 εἰς
383 613 486 696 φιλίας
513 612 662 694 οὐδεμιᾶς
682 618 789 694 κτῆσιν
801 611 864 713 'vel
885 613 928 682 εἰς
950 612 1074 693 ἀφιλίας
1095 618 1210 694 κτῆσιν,
1232 613 1397 696 quoniam
1419 612 1473 677 his

314 733 511 800 coniecturis
533 734 569 799 in
591 731 724 798 dicendi
740 753 847 817 genus
864 752 959 817 aeque
975 731 1172 816 abstrusum·
1186 733 1405 812 incurrimus;
1429 743 1472 812 et,

315 856 344 921 si
365 855 576 920 Hercherum
603 854 708 920 secuti
735 855 951 918 ἐναντιοῦται.
975 903 981 917 .
1005 903 1012 917 .
1033 854 1115 936 πρός
1136 852 1322 932 scribimus,
1356 876 1475 922 vereor

313 998 356 1042 ne
378 975 564 1041 mutatione
580 974 763 1041 admodum
781 973 996 1060 improbabili
1011 973 1144 1059 longius
1163 995 1260 1060 aequo
1278 996 1299 1040 a
1318 975 1473 1042 codicum

314 1097 463 1182 vestigiis
484 1095 701 1162 abducamur.
755 1096 841 1162 Mihi
869 1096 1057 1162 accuratius
1084 1117 1155 1162 rem
1183 1095 1380 1162 deliberanti
1403 1118 1473 1162 non

314 1217 417 1285 verba
442 1216 566 1283 tradita
593 1216 766 1296 mutanda,
799 1217 858 1283 sed
886 1217 1008 1283 lacuna
1034 1216 1200 1303 explenda
1229 1239 1300 1284 esse
1328 1217 1472 1297 videtur,

315 1360 383 1424 quo
414 1337 561 1405 remedio
594 1339 756 1424 plurimos
787 1339 877 1404 locos
908 1338 1031 1404 horum
1062 1337 1224 1404 librorum
1256 1339 1300 1404 ad
1329 1339 1473 1405 salutem

316 1460 522 1528 reducendos
550 1481 620 1526 esse
647 1482 717 1526 non
743 1461 860 1546 paucis
889 1459 1050 1545 exemplis
1079 1466 1112 1525 et
1140 1480 1243 1546 supra
1264 1460 1474 1526 ostendimus

317 1589 351 1667 et
378 1583 466 1648 inira
496 1581 807 1648 demonstrabimus.
864 1582 949 1657 Quae
981 1580 1223 1647 interciderunt
1254 1583 1393 1648 fortasse
1426 1584 1475 1648 ita

320 1704 468 1790 suppleri
496 1709 650 1789 possunt:
684 1705 790 1768 Αἴτιον
818 1704 852 1768 δὲ
878 1704 956 1786 μετὰ
983 1703 1110 1767 πολλῶν
1138 1704 1243 1768 ἄλλοιν
1272 1706 1331 1788 οὐχ
1363 1707 1474 1788 ἥκιστα

320 1832 392 1890 »τοῦ
412 1825 458 1909 μὴ
478 1827 581 1909 ἤκεινι
607 1827 649 1895 εἰς
671 1826 774 1908 φιλίας
793 1831 907 1908 κτῆσιν.
951 1824 1075 1889 Nocuit
1097 1825 1280 1891 similitudo
1299 1825 1477 1892 vocabulo·

317 1968 392 2012 rum
422 1945 700 2012 antecedentium.
756 1946 791 2011 Si
828 1946 882 2011 cui
910 1946 1023 2011 hiatus
1050 1953 1127 2031 post
1152 1949 1197 2030 μή
1228 1945 1476 2014 dubitationem

315 2068 439 2146 iniciat,
453 2073 664 2152 comparetur
675 2067 845 2134 Schellens
858 2067 899 2133 de
909 2067 1004 2132 hiatu
1018 2072 1077 2132 cet.
1090 2089 1121 2152 p.
1137 2071 1190 2146 13;
1205 2068 1320 2133 Moral.
1333 2091 1365 2154 p.
1381 2068 1476 2157 1401>

313 2190 358 2274 μὴ
380 2190 494 2273 ἡδέως,
516 2211 547 2274 p.
574 2189 679 2256 1095f
699 2190 745 2272 μὴ
768 2189 877 2272 ἡδονή.
940 2187 1030 2255 Ordo
1059 2188 1239 2254 verborum
1267 2211 1336 2255 non
1358 2211 1379 2254 a
1400 2190 1478 2255 Plu-

316 2310 422 2376 tarchi
445 2309 685 2376 consuetudine
707 2309 872 2389 abhorret,
903 2311 942 2375 ct.
966 2310 1081 2376 Moral.
1111 2333 1143 2396 p.
1170 2311 1256 2378 12ss
1284 2311 1303 2374 δ
1330 2311 1390 2394 μὲν
1418 2310 1478 2375 οὖν

287 2485 289 2490 .
316 2433 445 2516 Κράτης
472 2433 521 2496 διὰ
550 2432 672 2515 τροφὴν
704 2432 758 2495 καὶ
789 2433 986 2496 πολυτέλειαν
1019 2433 1163 2516 οἰόμενος
1192 2433 1251 2515 οὐχ
1283 2434 1391 2515 ἥκιστα
1421 2433 1479 2504 τὰς

317 2557 435 2626 στάσεις
457 2604 463 2617 .
487 2603 493 2616 .
517 2603 523 2616 .
548 2554 726 2636 ἐμφύεσθαι
757 2560 822 2624 ταῖς
854 2554 974 2631 πόλεσι;
1007 2576 1038 2639 p.
1075 2557 1173 2620 1540.
1220 2553 1370 2638 Utroque
1403 2554 1479 2620 loco

314 2677 402 2741 sicut
422 2680 536 2740 nostro
558 2674 681 2739 locutio
704 2675 764 2758 οὐχ
781 2676 890 2757 ἥκιστα
912 2673 955 2739 ab
978 2655 1211 2752 eo'vocabulo
1234 2673 1277 2739 ad
1295 2673 1387 2758 quod
1406 2696 1481 2741 sen-

316 2797 422 2862 tentia
442 2803 530 2862 recte
552 2795 725 2861 referenda
747 2802 826 2874 erat,
849 2794 1016 2861 abstracta
1036 2802 1093 2861 est.

314 3233 351 3298 ρ.
374 3211 444 3279 93ι
467 3211 552 3297 (cop.
576 3211 600 3277 I
611 3211 638 3294 ).

400 3334 559 3415 σύννομον
588 3332 648 3416 γὰρ
687 3334 706 3415 ἡ
747 3333 832 3415 φιλία
871 3334 957 3414 ζῷον
995 3333 1055 3396 οὐκ
1095 3331 1240 3416 ἀγελαῖόν
1279 3333 1358 3396 ἐστιν
1401 3334 1480 3397 οὐδὲ

317 3454 497 3528 κολοιῶδες,
529 3455 583 3518 καὶ
609 3453 644 3518 τὸ
672 3455 767 3518 ἄλλον
797 3453 893 3518 αὐτὸν
926 3454 1070 3537 ἡγεῖσθαι
1098 3453 1151 3518 τὸν
1178 3453 1270 3536 φίλον
1297 3453 1351 3517 καὶ
1377 3478 1478 3551 προσ-

325 3577 486 3658 αγορεύειν
518 3577 648 3660 ἑταῖρον,
681 3576 728 3646 ὡς
760 3577 873 3659 ἕτερον,
912 3575 1005 3639 οὐδέν
1037 3575 1116 3640 ἐστιν
1148 3575 1223 3639 ἄλλο
1255 3575 1336 3659 πλὴν
1368 3577 1478 3658 μέτρῳ

318 3697 421 3779 φιλίας
441 3704 478 3781 τῇ
501 3697 593 3762 δυάδι
613 3699 800 3781 χρωμένων.

403 3817 457 3882 Sic
485 3816 614 3884 codices
642 3818 681 3897 A,
713 3818 747 3897 Ο,
776 3819 814 3897 E,
844 3817 1070 3901 Bemensis¹);
1099 3817 1187 3882 inD
1218 3825 1327 3882 exstat
1354 3819 1478 3900 ἑταῖρον

324 3940 429 4022 ἕτερον
456 3938 549 4003 οὐδέν
576 3941 655 4003 ἐστιν
682 3943 702 4023 ἢ
729 3941 836 4024 μέτρῳ
862 3941 935 4013 κτλ,
969 3937 1010 4004 de
1039 3958 1107 4022 qua
1140 3938 1305 4022 scriptura
1331 3939 1368 4004 in
1396 3961 1478 4024 prec—

194 4047 202 4156 λ
319 4060 445 4126 tatione
454 4059 477 4143 ²)
507 4057 691 4144 disputavi;
731 4060 821 4164 unde
849 4060 1019 4146 irrepserit
1046 4057 1129 4123 illud
1156 4059 1210 4122 καὶ
1239 4060 1360 4143 ἑταῖρον
1389 4060 1478 4126 inter

228 4359 230 4365 s
354 4308 373 4375 ¹)
392 4314 485 4367 Bremi
502 4314 532 4366 in
554 4312 686 4380 Philolog·
705 4314 741 4368 XI
759 4329 785 4382 p.
804 4311 864 4366 583.

355 4396 376 4462 ¹)
397 4401 460 4468 Peg.
481 4400 522 4454 10.
