3306 5144
862 445 922 508 116

308 636 424 721 inepta
451 642 485 700 et
506 635 660 713 absurda,
690 657 760 701 non
783 635 937 701 decurrit.
992 637 1157 701 Praeterea
1184 635 1264 701 ordo
1292 635 1478 700 verborum

212 851 214 858 y
306 757 522 823 vehementer
534 755 689 835 offendit;
710 765 942 842 exspectamus
955 749 1046 823 enim
1056 759 1164 824 hunc:
1184 759 1247 822 ἀλλ’
1261 759 1290 821 εἰ
1303 758 1475 838 λογίζοινθ’

307 879 354 942 ὅτι
374 879 532 952 παύσεται,
556 878 861 960 προσαναλογίοαιντ’
886 882 934 953 ἂν,
955 881 1037 950 τίνος
1056 881 1226 962 γενομένου
1234 903 1246 956 ,·
1275 879 1337 942 κτλ.
1387 878 1480 943 Mihi

306 980 510 1065 vocabulum
532 999 650 1081 χρόνον
673 1019 743 1064 non
766 1020 826 1064 suo
849 999 921 1064 loco
943 1001 1091 1084 positum
1114 1021 1184 1065 osse
1205 999 1349 1066 videtur.
1395 999 1480 1063 For-

309 1127 396 1186 tasse
417 1121 482 1186 hoc
504 1121 706 1205 transposito
729 1127 762 1185 et
784 1120 892 1186 deleta
914 1121 1078 1206 particula
1101 1122 1232 1204 δηλαδή,
1261 1121 1307 1185 sic
1330 1119 1481 1185 scriben-

309 1242 405 1306 dum:
440 1243 504 1306 ἀλλ’
534 1243 563 1306 εἰ
588 1242 756 1323 λογίζοινθ’
787 1243 833 1306 ὅτι
859 1243 1007 1306 παύσεται
1035 1242 1152 1324 χρόνου
1181 1241 1263 1312 τινὸς
1291 1243 1480 1324 γενομένου,

188 1391 196 1410 ·
307 1365 614 1446 προσαναλογίοαιντ’
639 1365 678 1428 ἄν
697 1383 703 1397 ’
724 1363 761 1426 Τί
780 1365 986 1447 ποιήσαντος,·
1007 1364 1059 1428 Ita
1079 1363 1216 1427 demum
1234 1384 1367 1430 revera
1383 1383 1481 1428 nova

308 1483 436 1550 accedit
464 1485 613 1569 quaestio.
638 1523 679 1531 —
702 1486 738 1551 Si
759 1485 900 1550 miretur
921 1485 1006 1569 quia,
1036 1505 1095 1548 cur
1122 1484 1321 1570 paniculam
1350 1484 1479 1567 δηλαδή

309 1605 485 1672 delendam
513 1628 583 1671 esse
612 1628 775 1685 censeam,
810 1605 908 1671 credo
940 1604 1103 1672 mendum
1133 1605 1212 1670 inde
1245 1612 1357 1671 ortum
1390 1626 1480 1683 esse,

309 1726 401 1812 quod
433 1727 536 1793 lector
574 1727 795 1813 adscripscrat
826 1726 870 1792 ad
905 1727 942 1790 Τί
970 1729 1173 1810 ποιήσαντος
1212 1725 1314 1793 verba
1353 1727 1481 1809 χρόνον

309 1849 440 1932 δηλαδή.
500 1849 575 1914 Ηοο
614 1848 843 1915 additamento
882 1849 1024 1914 orationi
1062 1848 1235 1912 Plutarchi
1265 1849 1481 1933 interposito,

308 1969 513 2035 vocabulum
532 1972 651 2054 χρόνον
668 1971 777 2056 priore
796 1970 877 2049 loco,
897 1970 995 2054 quasi
1011 1990 1298 2054 supervacaneum
1314 1975 1347 2034 et
1363 1991 1482 2036 errore

309 2090 463 2156 additum
490 2098 584 2170 esset,
614 2092 757 2156 eiectum
787 2099 845 2157 ost.
867 2130 909 2138 —
931 2092 971 2156 ln
1000 2090 1218 2175 sequentibus
1240 2092 1287 2156 ita
1308 2091 1483 2176 Madvigii

309 2213 546 2278 correctionem
591 2212 705 2299 probo,
751 2220 790 2279 ut
833 2235 894 2278 nec
938 2183 1130 2297 intellegam
1171 2212 1261 2277 unde
1304 2213 1484 2297 irrepserit

307 2334 477 2413 articulus,
499 2356 609 2420 nequo
632 2333 856 2401 indicativum
873 2335 987 2400 aoristi
1006 2334 1127 2418 (ἔδειξε)
1148 2341 1224 2419 apte
1245 2332 1482 2419 superioribus

308 2455 491 2540 adiungere
509 2457 651 2541 possim;
674 2458 813 2522 fortasse
831 2457 878 2521 ita
895 2455 1124 2520 scribendum:
1151 2505 1166 2536 ί.
1180 2506 1186 2519 .
1201 2458 1248 2520 ,τί
1269 2457 1463 2537 ποιήσαντος
1471 2481 1484 2528 ,·

306 2578 341 2640 τὸ
384 2577 444 2660 μὲν
488 2578 547 2659 γὰρ
592 2580 798 2660 γεγενημένον
841 2577 916 2641 οὐδὲ
959 2577 1029 2659 θεῷ
1073 2577 1205 2640 δυνατόν
1243 2578 1303 2640 ἔστι
1346 2583 1484 2659 ποιῆσαι

309 2699 483 2780 ἀγένητον·
502 2701 621 2762 οὔκουν
646 2699 681 2762 τὸ
703 2706 759 2762 νῦν
781 2701 854 2779 παρ’
879 2698 988 2761 ἐλπίδα
1011 2698 1213 2780 συμβεβηκὸς
1234 2698 1287 2760 καὶ
1308 2697 1395 2780 παρὰ
1416 2697 1483 2780 τὴν

306 2821 460 2902 ἡμετέραν
482 2821 579 2894 δόξαν
603 2821 822 2894 ἐπιδείξαντος
849 2820 966 2890 εἰωθὸς
992 2820 1063 2900 περὶ
1090 2819 1226 2890 πολλοὺς
1248 2819 1406 2901 γίγνεσθαι
1430 2819 1477 2882 δι’

308 2943 413 3004 αὐτῶν
428 2948 492 3005 τῶν
510 2944 630 3024 &pyum
652 2941 854 3006 Litterarum
874 2941 1097 3026 discrepantia
1109 2940 1191 3005 levis
1203 2947 1253 3005 est
1270 2946 1303 3004 et
1318 2939 1481 3006 membra

308 3063 466 3127 orationis
488 3064 535 3126 ita
557 3063 728 3147 aptissime
752 3063 917 3128 sententia
940 3063 1116 3128 cohaerent.
1164 3062 1280 3147 Oomp.
1304 3061 1345 3125 de
1368 3068 1482 3126 struo-

307 3190 383 3248 tura
404 3183 585 3250 verborum
607 3183 717 3250 Madv.
743 3184 836 3268 Synt.
863 3183 918 3249 Gr.
942 3183 964 3268 ξ
988 3188 1086 3250 1760.

306 3595 338 3659 μ.
363 3578 463 3642 115ο
487 3577 577 3659 (εαμ.
598 3573 750 3653 XXVI).

392 3695 496 3761 Paulo
524 3695 613 3758 inira
641 3687 789 3778 capitum
818 3692 937 3758 divisio
959 3714 1080 3778 parum
1101 3699 1180 3778 apta
1201 3691 1378 3756 infeliciter
1400 3713 1482 3758 sen-

308 3815 421 3879 tentia
454 3823 560 3880 nocet.
623 3815 711 3884 Nam
745 3815 998 3899 interrogationi
1031 3815 1088 3893 illi,
1122 3835 1191 3898 qua
1221 3813 1337 3878 finitur
1369 3822 1483 3898 caput

308 3936 441 4002 XXVI:
474 3939 503 3998 τί
533 3936 607 4013 otim
641 3935 703 4017 ἄρα
736 3938 854 4018 γ’ἡμεῖς
882 3944 973 4000 τοῦτο
1001 3937 1052 4001 διὰ
1079 3942 1134 3999 τοῦ
1164 3936 1260 4017 λόγου
1287 3934 1402 4016 μαθεῖν
1433 3938 1480 4000 οὗ

310 4057 474 4139 δονάμεδα
492 4057 564 4130 κτλ,
587 4057 766 4142 respondet
777 4057 978 4122 Plutarchus
994 4058 1065 4142 ipse
1087 4056 1183 4120 initio
1201 4055 1318 4140 capitis
1335 4054 1482 4122 XXVII

308 4180 361 4244 his
394 4177 519 4245 verbis:
554 4177 679 4247 πολλοῖς
718 4179 999 4259 γὰρ-τάνθρώπινα
1037 4177 1110 4249 κτλ,
1152 4184 1190 4241 ut
1228 4183 1306 4241 ante
1345 4176 1482 4250 πολλοῖς

309 4299 516 4366 audiendum
545 4299 587 4362 sit
614 4300 672 4371 ναί,
703 4300 743 4362 cf.
775 4299 921 4383 Kri'rgeri
937 4298 1004 4362 Gr.
1037 4297 1092 4362 Gr.
1116 4297 1138 4383 ξ
1159 4302 1210 4378 69,
1241 4301 1289 4376 14,
1320 4299 1355 4375 ῖ;
1389 4297 1484 4363 Her-

309 4422 426 4486 manni
449 4442 526 4484 ann.
551 4419 594 4486 ad
616 4419 727 4503 Viger.
752 4423 815 4487 300
837 4443 867 4505 p.
892 4424 954 4486 826
977 4418 1027 4484 ed.
1052 4423 1080 4486 4.
