3282 5146
878 497 918 558 70

318 687 447 772 aliquot
485 687 634 752 virorum
674 687 847 752 doctorum
887 708 1009 771 parum
1045 685 1232 772 probabiles
1268 696 1481 774 pepererunt.

319 809 406 874 Sunt
433 809 492 892 qui
519 807 683 873 vocabula
711 808 769 873 illa
797 810 850 872 καὶ
871 816 1010 891 τοιοῦτος
1034 809 1175 874 delenda
1198 831 1268 875 esse
1291 811 1484 894 censeant1)

319 929 510 1014 (Krigelius
529 929 729 1007 Hercherus
748 930 998 1013 Bernardakis);
1022 931 1178 995 Reiskius
1202 931 1341 1010 dubitat,
1365 939 1485 997 utrum

318 1051 383 1116 hoo
415 1050 608 1115 iaciendum
641 1052 684 1115 sit
716 1072 760 1116 an
793 1051 1009 1116 scribendum
1038 1053 1091 1116 καὶ
1120 1054 1179 1134 γὰρ
1210 1055 1228 1116 6
1255 1061 1401 1126 τοιοῦτος,
1444 1055 1486 1118 ἄν

319 1174 378 1255 μὲν
399 1195 455 1250 -;
489 1172 768 1257 Wyttenbachius
797 1171 897 1238 modo
928 1171 974 1256 (in
997 1195 1074 1238 ann.
1100 1173 1182 1257 crit.)
1211 1174 1295 1238 duas
1324 1175 1485 1240 lectiones

320 1295 357 1358 in
378 1295 466 1358 hanc
488 1315 592 1358 unam
616 1295 770 1359 contusas
794 1315 864 1359 esse
886 1301 992 1378 putat,
1027 1316 1105 1358 cum
1133 1295 1190 1359 alii
1217 1295 1293 1360 libri
1320 1295 1487 1362 haberent

322 1417 424 1485 οὕτως
456 1417 474 1478 6
507 1417 605 1498 φίλος,
639 1415 696 1480 alii
727 1423 867 1487 τοιοῦτος
899 1418 918 1479 6
951 1417 1049 1499 φίλος,
1088 1416 1188 1481 modo
1222 1415 1268 1501 (in
1301 1417 1486 1502 animadv.)

240 1554 242 1557 ’
321 1539 423 1607 οὕτως
462 1538 516 1600 καὶ
555 1538 574 1599 6
614 1539 704 1619 φίλος
741 1544 880 1608 τοιοῦτος
919 1538 1081 1622 scriptum
1126 1539 1230 1602 luisse
1276 1540 1485 1624 suspicatur;

321 1665 463 1742 utraque
502 1659 693 1723 coniectura
730 1679 784 1722 me
829 1658 939 1723 iudice
978 1660 1071 1724 omni
1111 1667 1200 1724 caret
1239 1660 1484 1744 probabilitate.

321 1780 429 1844 Nemo
462 1787 540 1844 ante
570 1779 780 1844 Hercherurn
814 1780 1044 1846 difficultatem
1079 1782 1190 1858 sensit,
1226 1803 1331 1865 quam
1363 1789 1487 1866 parant

322 1901 498 1986 participia
520 1902 694 1984 sequentia
722 1903 1107 1985 ἀξιῶν-παραιτούμενος,
1142 1923 1219 1966 cum
1239 1903 1487 1988 exspectandus

322 2029 408 2086 esset
436 2022 648 2100 indicativae,
683 2044 784 2106 quem
813 2023 974 2088 audacius
1003 2045 1107 2107 quarn
1134 2025 1246 2090 verius
1276 2024 1312 2088 in
1334 2025 1486 2089 oratione

322 2145 435 2230 posuit
456 2144 546 2208 idern
569 2144 769 2209 Hercherus.
826 2143 932 2210 Valde
956 2145 1047 2209 enirn
1070 2165 1194 2223 vereor,
1218 2167 1260 2210 ne
1285 2147 1332 2210 sio
1355 2145 1487 2210 nodum

322 2266 433 2350 gladio
455 2264 668 2343 interciderit,
691 2287 761 2330 non
783 2273 870 2330 recte
893 2265 1108 2350 expediverit.
1154 2267 1283 2331 Notum
1306 2273 1355 2332 est
1370 2267 1487 2331 Graece

323 2389 445 2472 saepius
484 2387 682 2454 adverbium
716 2388 769 2454 vel
802 2388 1006 2453 adiectivum
1040 2387 1351 2465 demonstrativum,
1394 2370 1487 2472 qnod

323 2509 422 2593 quale
457 2509 540 2593 quid
573 2511 616 2574 sit
652 2509 788 2588 indicat,
823 2508 959 2573 uberius
1000 2530 1087 2574 nova
1129 2511 1295 2574 sententia
1327 2510 1487 2595 explicari

323 2631 367 2696 ad
389 2630 643 2695 antecedentem
671 2638 704 2695 et
725 2631 825 2696 modo
848 2637 881 2694 et
902 2637 1051 2714 ternpore
1074 2630 1168 2695 verbi
1190 2631 1451 2696 accommodata.
1464 2633 1487 2716 2)

325 2753 453 2817 Verum
475 2752 645 2817 interdum
668 2753 769 2818 etiam
786 2753 832 2830 fit,
856 2759 894 2816 ut
912 2751 1135 2816 indicativum
1152 2752 1204 2817 vel
1224 2752 1328 2816 alium
1345 2753 1484 2817 modurn

325 2881 445 2969 praeter
467 2875 750 2959 exspectationem
772 2874 987 2958 participium
1006 2880 1174 2957 sequatur,
1199 2895 1305 2958 comp.
1320 2874 1487 2959 Kruegeri

326 2997 381 3061 Gr.
402 2996 457 3060 Gr.
481 3000 531 3074 59,
557 2999 584 3073 1,
609 3000 642 3074 7;
667 2995 817 3060 eiusdem
835 3001 948 3059 annot.
965 2993 1009 3058 ad
1020 2992 1143 3058 Herod.
1160 2995 1235 3072 VH,
1261 2999 1309 3072 10,
1334 3000 1369 3074 7;
1394 2996 1488 3060 Stall-

326 3118 454 3182 baumii
481 3122 594 3181 annot.
618 3117 661 3181 ad
684 3117 766 3181 Plat.
791 3116 902 3180 Phaed.
928 3120 1015 3193 59a;
1051 3101 1296 3180 Schneidewini
1318 3115 1362 3181 ad
1385 3118 1485 3202 Soph.

326 3239 428 3304 Elect.
454 3241 530 3316 184;
564 3238 644 3303 locis
674 3238 716 3303 ab
744 3238 796 3302 his
826 3237 970 3302 laudatis
998 3237 1078 3301 addi
1100 3244 1241 3322 possunt
1262 3237 1340 3302 Eur.
1365 3239 1485 3304 Alcest.

327 3360 584 3438 648-49;P1at.
599 3359 695 3445 Apol,
709 3363 747 3426 31
762 3359 798 3437 b;
813 3359 981 3442 Aristoph.
994 3357 1082 3422 Nub.
1096 3379 1126 3423 v.
1141 3361 1296 3424 380-81.
1322 3359 1357 3424 Si
1370 3361 1488 3426 eodem

327 3482 487 3567 loquendi
516 3502 646 3566 genere,
681 3480 716 3545 id
738 3481 829 3566 quod
852 3502 921 3544 non
943 3478 1069 3557 dubito,
1103 3486 1217 3544 nostro
1240 3480 1311 3544 loco
1334 3501 1416 3545 usus
1440 3491 1489 3547 est

327 3605 536 3682 Plutarchus,
567 3624 677 3687 neque
700 3605 801 3673 οὕτως
823 3598 932 3686 neque
954 3607 1094 3671 τοιοῦτος
1115 3599 1230 3665 abesse
1253 3609 1370 3686 potest
1405 3605 1489 3668 illud

328 3727 420 3790 enim
441 3725 653 3790 antecedenti
675 3726 782 3806 ὥσπερ
805 3722 991 3807 respondet,
1026 3723 1089 3785 hoc
1117 3721 1160 3786 ad
1183 3725 1384 3788 sententiam
1413 3748 1489 3810 quae

328 3847 480 3931 sequitur
519 3845 733 3920 referendum
766 3851 828 3922 est;
873 3844 976 3928 igitur
1009 3864 1124 3907 omnes
1159 3845 1367 3923 coniecturae,
1413 3869 1490 3931 qiua

329 3968 472 4032 alterurn
491 3974 606 4031 utrum
623 3967 743 4043 delent,
767 3987 887 4050 parum
906 3963 1094 4050 probabiles
1107 3970 1202 4042 sunt;
1226 3965 1329 4030 altera
1341 3967 1491 4052 Wytten-

367 4220 387 4284 ¹]
407 4223 524 4277 Tantum
555 4237 611 4275 non
640 4237 701 4273 cum
725 4220 770 4274 his
793 4219 973 4276 consentiunt,
1011 4218 1057 4284 qui
1082 4212 1204 4268 τοιοῦτος
1230 4219 1259 4272 in
1284 4219 1491 4287 interpretando

410 4311 490 4366 tacite
508 4310 643 4370 omittunt,
662 4309 833 4375 transposita
852 4310 916 4360 ante
935 4301 1041 4369 dailos
1061 4306 1318 4360 coniunctione-nal
1337 4310 1490 4368 (Erasmus,

410 4399 558 4468 Xylander‚
580 4397 769 4456 Kaltwassert·

369 4488 389 4555 ²)
408 4490 502 4557 Comp.
523 4485 613 4540 Madv.
635 4485 711 4554 Synt.
732 4485 776 4540 Gr.
796 4481 812 4546 ἓ
833 4482 891 4534 190.
