3282 5146
894 471 935 534 54

95 693 98 698 ¹
178 723 212 773 A
336 661 453 746 igitur:
477 663 595 733 ἐκεῖνος
605 661 664 744 μὲν
675 661 736 745 γάρ
748 712 754 724 .
767 712 774 724 .
788 661 841 726 ,τὸ
853 663 955 745 μηθὲν
965 664 1150 744 θαυμάζειν,
1165 661 1250 727 οὗτοι
1263 663 1342 726 δὲτὸ
1353 663 1460 746 μηθὲν
1473 715 1482 727 .
1500 713 1508 728 .

218 837 224 848 .
283 804 286 814 “
336 788 436 866 τιμᾶν,
457 782 492 847 τὸ
513 783 615 866 μηδὲν
635 784 812 866 θαυμάζειν
833 785 866 847 ἐν
887 792 933 866 τῷ
954 790 1162 866 καταφρονεῖν
1183 785 1338 866 τιθέμενοι
1360 785 1424 847 κτλ.

330 1047 367 1112 p.
390 1026 468 1092 440
489 1023 581 1110 (cap.
605 1025 726 1106 XIII).

421 1147 439 1210 ὁ
468 1148 633 1217 δ’ἓνανιίος
663 1145 704 1209 οὗ
726 1147 818 1210 πάλιν
844 1147 964 1211 τούτων
990 1146 1092 1229 μηδὲν
1121 1148 1289 1229 ἐπικρίνων
1311 1147 1388 1210 ἀλλὰ
1418 1149 1507 1210 κατὰ

339 1269 427 1350 ῥῆμα
449 1269 502 1330 καί
529 1267 686 1350 συλλαβὴν
713 1269 916 1350 ἐφιστάμενος
942 1267 996 1330 καί
1022 1268 1197 1349 κεκραγώς,
1226 1268 1364 1350 ἐλαφρός
1385 1293 1430 1338 τις
1452 1273 1508 1332 ὢν

337 1389 391 1452 καί
407 1389 576 1473 ὀρνεώδης,
588 1391 737 1460 πολλάκις
752 1390 811 1472 μὲν
830 1390 897 1452 οὗθ’
911 1390 1016 1459 αὐτοῖς
1032 1389 1156 1469 ἀρέσκει
1172 1395 1236 1459 τοῖς
1254 1389 1508 1472 ἀγωνιζομένοις

336 1511 399 1573 κτλ.
454 1510 501 1577 Ut
532 1510 655 1576 tradita
688 1517 767 1576 sunt
798 1510 870 1575 haeo
903 1509 1014 1588 verba,
1048 1510 1224 1595 participia
1256 1511 1425 1593 ἐπικρίνων
1459 1550 1507 1558 -

282 1594 310 1693 ⁴,
338 1633 605 1714 ἐφιστάμενος-
633 1633 800 1715 κεκραγώς
827 1632 1012 1696 necessario
1042 1652 1178 1720 causam
1206 1631 1366 1709 indicant,
1394 1654 1505 1717 quare

337 1773 379 1818 ne
401 1753 482 1837 ipsis
505 1752 643 1838 quidem
665 1752 851 1819 oratoribus
873 1752 1002 1838 placeat
1024 1754 1042 1816 ὁ
1066 1754 1202 1824 ἐναντίος
1223 1753 1351 1816 τούτων,
1396 1753 1506 1818 Attici

338 1874 500 1938 sermonis
529 1873 736 1939 consuetudo
765 1875 948 1959 requireret
977 1874 1070 1938 οὐδὲν
1097 1875 1274 1956 ἐπικρίνων,
1307 1896 1378 1939 non
1398 1876 1505 1958 μηδὲν

339 1995 522 2076 ἐπικρίνων;
540 1995 740 2061 Plutarchus
751 2017 839 2074 vere,
863 2016 1074 2081 quamquam
1085 1994 1177 2080 apud
1199 1995 1380 2060 eiusmodi
1402 1998 1506 2082 parti-

338 2114 426 2200 cipia
476 2117 597 2202 saepius
641 2119 680 2181 οὐ
725 2117 821 2203 ponit
865 2123 981 2182 tamen
1012 2138 1082 2182 non
1123 2138 1197 2182 raro
1248 2119 1293 2199 μή
1342 2117 1501 2183 admittit.

338 2236 580 2322 Exemplorum
602 2239 734 2324 copiam
755 2238 882 2325 praebet
904 2238 1041 2304 Carolus
1070 2238 1296 2322 Stegmannus
1318 2239 1355 2302 in
1371 2237 1503 2304 libello:

338 2357 450 2424 Ueber
482 2359 548 2425 den
581 2360 759 2425 Gebrauch
789 2359 848 2424 der
879 2359 1090 2443 Negationen
1122 2358 1177 2424 bei
1206 2359 1373 2424 Plutarch.
1415 2360 1505 2426 Pro-

338 2501 471 2564 gramm
482 2480 540 2546 des
556 2481 855 2566 Progymnasiums
867 2502 908 2544 zu
928 2479 1277 2546 Geestemiinde1882.
1312 2503 1343 2566 p.
1366 2485 1501 2550 18-19.

338 2600 456 2685 Itaque
478 2624 499 2667 a
521 2603 698 2687 negatione
720 2602 814 2667 nulla
836 2607 886 2666 est
903 2600 1059 2679 offensi0;
1083 2601 1142 2666 sed
1163 2608 1302 2687 apparet
1324 2603 1502 2688 partieipia

338 2721 404 2800 illa,
438 2745 514 2807 quae
547 2746 649 2811 supra
671 2723 876 2802 enumeravi,
907 2744 985 2788 eum
1014 2724 1128 2788 virum
1157 2724 1254 2808 quasi
1288 2723 1500 2806 adumbrare,

338 2844 398 2928 qui
436 2844 615 2911 Plutarcho
648 2845 758 2912 iudice
797 2847 861 2911 hoc
899 2845 1045 2923 nomine,
1084 2845 1104 2910 i.
1146 2865 1172 2910 e.
1219 2867 1321 2931 supra
1359 2846 1501 2912 modrun

337 2964 516 3044 laudantia,
540 2967 662 3052 dignus
681 2975 744 3047 est;
767 2968 814 3032 ita
832 2972 945 3032 autem
964 2987 1084 3052 parurn
1103 2973 1180 3052 apte
1203 2967 1291 3032 sine
1314 2969 1502 3036 articulo

338 3087 547 3172 appositione
569 3089 612 3154 ad
634 3088 837 3154 adiectivum
859 3086 1059 3153 antecedens
1081 3087 1321 3172 adiunguntur.
1362 3090 1503 3176 Scripsit

245 3227 265 3300 r*
284 3271 301 3280 ,
338 3215 425 3272 certe
462 3208 677 3276 Plutarchus:
718 3212 736 3274 ά
775 3210 940 3281 δ’ἒνανιίος
978 3208 1019 3273 αὖ
1058 3211 1149 3273 πάλιν
1185 3211 1314 3283 τούτων,
1348 3212 1366 3275 ὁ
1398 3213 1502 3294 μηδὲν

338 3330 506 3414 ἐπικρίνων
527 3334 589 3396 κτλ.

332 3596 370 3660 p.
394 3574 478 3642 aad
500 3574 588 3661 (cap.
613 3576 733 3660 XIII).

422 3697 516 3760 οὐδὲν
539 3697 566 3760 θ’
591 3699 769 3782 ὠφεληθεὶς
791 3697 897 3762 διὰτὸ
920 3696 1091 3779 ταραχώδη
1110 3697 1164 3759 καί
1179 3695 1395 3779 πολυπτόητον
1412 3697 1503 3778 αὐτῷ

340 3817 412 3900 περὶ
433 3818 505 3889 τοὺς
527 3820 673 3890 ἐπαίνους
702 3821 859 3902 γεγονέναι
880 3819 936 3901 τὴν
958 3818 1111 3902 ἀκρόασιν
1132 3818 1296 3899 ἀπέρχεται
1319 3823 1384 3881 τῶν
1404 3823 1501 3901 τριῶν

341 3940 376 4003 ἓν
397 3939 580 4022 φερόμενος.

423 4060 530 4127 Prave
564 4062 774 4146 interpretati
808 4067 887 4125 sunt
919 4062 1011 4125 hunc
1045 4060 1160 4124 locum
1189 4058 1376 4145 Xylander‚
1407 4059 1500 4124 Kalt-

341 4202 462 4264 wasser
500 4203 683 4267 omnesque
720 4183 791 4261 alii,
830 4203 975 4267 quorum
1014 4181 1303 4266 interpretationes
1336 4180 1499 4265 inspicere

340 4303 451 4387 potui;
474 4325 536 4369 nec
558 4304 692 4382 mirum,
715 4310 765 4368 est
786 4305 877 4369 enim
897 4325 932 4369 re
954 4325 1034 4370 vera
1056 4324 1156 4368 sensu
1178 4325 1301 4402 cassus
1330 4323 1408 4368 cum
1430 4323 1498 4368 non

308 4515 311 4524 Δ
340 4431 509 4509 appareat,
543 4446 610 4509 quo
646 4424 818 4490 referenda
851 4426 918 4490 sint
946 4425 1049 4492 verba
1071 4424 1127 4489 illa
1153 4406 1325 4508 aopszodc
1353 4425 1513 4495 ἐπαίνους
