3282 5146
697 479 738 542 17

136 670 370 736 difficultatem
392 676 425 735 et
446 670 580 756 legendi
602 675 636 735 et
657 668 883 754 intellegendi,
913 690 1017 756 quam
1039 640 1159 748 offecit,
1188 672 1300 755 praeci-

134 813 204 878 pua
237 767 338 857 causa
368 793 479 870 luerit,
519 813 579 856 cur
612 791 714 858 etiam
746 792 784 856 in
817 790 1023 857 membranis
1056 791 1126 856 iam
1159 791 1298 876 antiquo

133 921 284 999 tempora
305 914 343 978 hi
365 912 468 978 libelli
490 913 572 978 satis
598 914 764 979 incuriose
787 905 1068 991 desciiberentum
1097 933 1179 978 nam
1207 912 1303 997 quod

98 1043 99 1046 ’
133 1021 221 1100 recte
241 1034 386 1100 Cobetus
396 1033 419 1118 1)
442 1035 478 1099 in
500 1033 584 1099 libro
608 1034 649 1100 de
670 1033 899 1100 adulatoreet
920 1034 1028 1100 amico
1050 1033 1298 1112 animadvertit,

136 1155 252 1236 ¹multa
284 1176 354 1221 esse
389 1157 544 1238 ἐπιπολῆς
578 1161 613 1220 et
642 1155 811 1222 levissime
844 1154 1027 1241 depravata
1056 1161 1089 1220 et
1118 1176 1160 1220 ex
1181 1155 1299 1220 litteris

133 1276 323 1342 uncialibus
347 1279 552 1359 ἐναργέστατα
576 1265 748 1342 emendari
770 1279 886 1361 posse’,
915 1275 951 1341 id
979 1277 1050 1341 sine
1073 1275 1176 1342 dubio
1198 1276 1298 1342 latius

132 1404 234 1484 patet,
258 1397 294 1462 id
313 1397 405 1483 quod
423 1397 691 1463 etBernardakis
709 1418 778 1462 non
790 1398 906 1483 paucis
929 1397 1091 1482 exemplis
1112 1397 1299 1464 luculenter
1370 1482 1372 1486 .
1407 1435 1410 1442 ,

133 1517 347 1602 illustravit2)
376 1525 409 1584 et
436 1540 497 1603 ego
520 1520 575 1584 hic
597 1519 665 1584 illic
695 1520 733 1584 in
753 1518 1029 1585 annotationibus
1051 1519 1135 1584 meis
1165 1518 1299 1585 demon-

133 1647 254 1706 strasse
277 1640 362 1704 mihi
383 1639 507 1705 videor.

217 1761 301 1826 Haec
322 1761 391 1826 iero
413 1761 527 1840 habui,
551 1782 628 1846 quae
650 1761 695 1826 ad
716 1761 917 1826 sententiam
944 1759 1107 1826 tuendam
1137 1760 1296 1845 dicerem;

131 1867 301 1952 summam
324 1903 442 1948 eorum
463 1858 609 1950 brevitor
630 1883 677 1948 ita
697 1879 886 1967 exponam:
916 1880 1079 1946 Codicum
1106 1889 1297 1947 nostrorum
1339 1929 1341 1934 -

131 2026 208 2090 pars
231 2003 359 2082 eadem,
391 2004 503 2088 plures
532 2025 594 2068 sua
615 2004 758 2088 quisque
785 2003 850 2080 via,
880 2023 996 2068 omnes
1025 2002 1126 2088 longo
1156 2005 1297 2069 circuitu
1360 2071 1363 2076 ,
1395 2085 1398 2089 .

103 2093 106 2114 Ι
130 2125 225 2190 ducti
243 2130 327 2189 sunt
348 2145 366 2189 e
384 2124 497 2190 codice
515 2131 652 2191 vetusto
668 2123 934 2202 membranaceo,
959 2124 1018 2208 qui
1038 2125 1159 2189 saeculo
1178 2125 1297 2209 quinto

128 2247 183 2314 uel
205 2252 299 2312 sexto
321 2267 339 2310 e
361 2245 591 2314 voluminibus
605 2245 800 2332 papyraceis
818 2250 851 2310 et
869 2244 1036 2310 lacunosis
1055 2251 1088 2310 et
1105 2245 1297 2312 difficilibus

129 2369 218 2434 lectu
257 2366 494 2452 transscriptus
531 2366 643 2450 erare)
703 2367 794 2431 Hinc
833 2366 1057 2450 plurimorum
1096 2367 1297 2434 mendorum

128 2491 221 2575 origo
244 2487 397 2575 petenda,
421 2486 628 2572 reliquorum
649 2509 718 2553 non
741 2508 849 2572 pauca
872 2487 930 2552 sed
944 2487 1136 2572 'maximam
1166 2496 1296 2574 partem

130 2611 258 2677 leviora
290 2610 331 2674 iis
364 2609 494 2674 saeculis
534 2609 722 2687 tribuenda,
764 2608 887 2694 quibus
926 2609 1045 2674 litterae
1078 2609 1227 2708 unciales
1260 2611 1296 2674 in

132 2753 197 2796 usu
219 2738 323 2814 erant,
342 2730 453 2796 'multo
475 2731 573 2816 plura
595 2737 628 2796 ct
649 2732 763 2817 peiora
785 2729 1011 2815 sequentibus.
1076 2721 1078 2725 ⁴

216 2851 302 2927 Quae
330 2852 359 2916 si
386 2858 473 2916 recte
507 2873 541 2916 se
563 2851 699 2930 habent,
733 2852 901 2937 optimum
921 2851 1086 2917 habemus
1115 2851 1236 2917 ducem
1263 2858 1297 2916 et

130 2980 302 3038 auctorem
335 2971 379 3036 ad
417 2961 597 3058 scripturas
636 2973 800 3058 genuinas
840 2972 1052 3057 indagandas
1090 2973 1144 3039 vel
1182 2974 1295 3038 minus

132 3100 304 3178 corruptas
323 3093 493 3178 eligendas
513 3101 546 3159 et
562 3094 729 3178 sanandas
746 3116 816 3159 non
838 3115 947 3160 unum
969 3094 1117 3179 aliquem
1136 3079 1298 3173 codicem,¹

132 3213 192 3278 sed
213 3214 387 3300 rationem,
410 3236 514 3298 quam
537 3215 585 3280 ita
607 3217 675 3281 iere
697 3220 831 3281 secutus
854 3237 939 3294 sum,
964 3221 1002 3280 ut
1023 3215 1181 3301 primum,
1212 3216 1295 3300 quid
1382 3280 1384 3284 ,

133 3334 242 3400 dicere
272 3333 432 3400 voluisset
459 3337 599 3420 scriptor
628 3344 756 3421 quanta
784 3338 880 3423 potui
907 3337 1081 3422 diligentia
1103 3336 1294 3430 intellegere
1342 3367 1350 3430 '.

132 3476 278 3533 conarer,
303 3454 424 3519 deinde
443 3476 518 3520 eam
530 3456 686 3540 eligerem
698 3459 907 3543 scripturam,
931 3479 1052 3542 exque
1070 3459 1161 3543 origo
1179 3457 1294 3522 mendi

132 3575 349 3662 probabiliter
377 3577 537 3662 explicari
565 3585 684 3662 posset.
738 3578 812 3643 Hoc
841 3578 1074 3644 fundamento·
1094 3576 1293 3644 coniecturae

201 3841 312 3908 quidem
338 3841 428 3907 magis
458 3842 565 3908 integra
587 3843 763 3910 quorundam
789 3842 946 3896 libellorum
969 3843 1115 3909 repugnal;
1141 3841 1293 3908 namquid

199 3934 249 3992 est,
279 3945 328 3982 cur
363 3945 420 3982 non
449 3929 603 3996 credamne,
632 3931 718 3986 luisse
745 3929 873 3998 quaedam
901 3929 1048 3984 volumina
1074 3929 1173 3982 melius
1206 3943 1291 3996 quam

199 4017 305 4082 reliqua
323 4021 509 4071 conservata?

157 4094 379 4172 ¹)'Mnemosyne
398 4104 429 4157 N.
450 4103 477 4172 S.
495 4106 507 4159 1
525 4120 551 4172 p.
570 4103 630 4158 361.

158 4186 179 4250 ¹³)
200 4188 339 4258 Symbola
358 4180 457 4248 criticae
476 4196 502 4246 et
519 4192 749 4261 palaeographicae
775 4194 806 4246 in
830 4192 969 4247 Plutarchi
993 4193 1065 4247 vitas
1090 4193 1241 4260 parallelas
1266 4196 1292 4245 et

147 4321 149 4326 ,
200 4277 327 4331 moralia.
364 4279 464 4348 Lipsiae
484 4279 560 4334 1879.

156 4361 177 4427 ³)
199 4364 238 4418 De
266 4364 433 4430 quibusdam
460 4368 568 4432 libellis,
598 4369 644 4436 qui
671 4369 700 4422 in
727 4367 866 4423 codicibus
894 4368 997 4423 nostris
1025 4367 1206 4432 continentur,
1237 4366 1290 4420 hoc

198 4468 254 4506 non
274 4456 389 4520 constat,
409 4455 458 4508 sed
475 4456 533 4510 veri
552 4457 642 4510 simile
659 4460 722 4511 est·
1215 4493 1217 4498 -

1089 4539 1105 4592 2
