3282 5146
716 480 757 544 59

153 672 237 736 dum
270 672 498 749 manifestum,
532 671 624 756 quod
656 672 724 736 iam
767 670 898 756 pridem
932 670 1102 736 detexerat
1134 668 1316 754 Xylander,

154 815 233 858 cum
254 794 301 858 sic
328 799 487 858 verteret:
513 793 626 874 ‘veluti
660 793 696 856 in
730 793 863 878 pascuis
898 792 1037 856 animali
1072 790 1208 856 cuidam
1247 812 1317 856 sose

154 915 361 999 adiungens',
395 915 562 979 intactum
593 915 736 999 reliquit.
792 913 958 991 Reiskius
994 934 1097 997 quem
1130 920 1318 997 sequuntur

154 1037 340 1101 Huttenius
364 1044 396 1101 et
418 1036 494 1100 Chr.
518 1035 604 1120 Aug.
629 1035 800 1120 Krigelius
809 1034 842 1120 1),
873 1056 973 1100 sensu
996 1033 1225 1099 similitudinis
1248 1055 1317 1098 non

153 1159 234 1224 satis
267 1157 434 1222 ilitcllccto
473 1157 614 1222 coniecit
653 1157 790 1238 ὥσπερεί
825 1180 882 1220 τισι
916 1163 1028 1238 νομαῖς
1060 1157 1186 1239 θηρίον,
1219 1156 1317 1240 quasi

154 1280 288 1365 pascuis
315 1300 354 1343 ac
376 1279 549 1363 nonipsis
579 1277 781 1376 animalibus
809 1276 943 1342 difficile
971 1277 1015 1341 sit
1036 1277 1314 1362 appropinquare.

154 1402 319 1466 Praeterea
349 1400 556 1465 concinnitas
579 1399 837 1484 comparationis
859 1399 922 1463 hac
940 1398 1130 1463 coniectura
1151 1397 1315 1476 turbatur,

155 1523 184 1586 si
219 1520 357 1606 quidem
388 1521 528 1599 homini,
562 1521 658 1585 cuius
690 1519 959 1586 benevolentiam
992 1518 1145 1584 adulator
1182 1526 1315 1604 captare

155 1642 276 1721 studet,
310 1643 346 1706 in
379 1643 526 1726 imagine
559 1641 644 1706 nihil
666 1640 759 1706 aliud
780 1648 857 1726 apte
886 1640 1066 1726 respondet
1092 1640 1159 1704 nisi
1180 1641 1315 1718 animal,

156 1765 211 1828 cui
248 1765 497 1849 appropinquat
529 1763 614 1847 quis.
666 1763 779 1838 Quam
808 1761 953 1847 denique
987 1764 1152 1826 rationem
1179 1762 1317 1827 Bernar-

156 1885 283 1968 dakisr)
306 1891 439 1950 secutus
462 1885 514 1961 sit,
543 1905 622 1949 cum
651 1905 760 1949 errore
789 1882 917 1948 librarii
944 1883 1066 1948 codicis
1095 1883 1126 1947 D
1157 1882 1315 1968 deceptus

154 2009 271 2090 θηρίου
312 2013 350 2070 ut
387 2006 552 2090 glossema
593 2005 724 2083 deleret,
771 2005 853 2069 scire
893 2004 1009 2083 velim;
1048 2004 1112 2069 hoc
1152 2004 1315 2071 vocabulo

156 2129 279 2193 omisso
301 2134 371 2193 tota
394 2127 578 2191 similitudo
601 2148 701 2192 sensu
723 2133 820 2191 caret.
866 2125 937 2210 Ego
960 2125 1175 2190 scribendum
1197 2147 1315 2192 censeo

155 2248 247 2334 (nam
280 2249 381 2314 etiam
408 2249 444 2313 in
472 2249 669 2334 pronomine
698 2272 762 2321 τισι,
796 2268 1004 2332 quamquam
1033 2248 1172 2312 fortasse
1204 2248 1315 2334 ferra)

154 2378 272 2456 potest,
301 2369 463 2453 offendor)
486 2371 593 2452 ὥσπερ
626 2371 660 2434 ἐν
691 2376 756 2440 ταῖς
788 2376 899 2451 νομαῖς
938 2371 1064 2453 θηρίῳ;
1102 2376 1177 2454 post
1208 2371 1315 2453 θηρίῳ
1369 2410 1372 2420 ,

155 2499 320 2558 commate
343 2491 654 2576 interpungendum
682 2499 739 2568 est,
769 2497 807 2556 ut
834 2490 1054 2575 intellegatur,
1086 2491 1214 2576 reliqua
1246 2514 1315 2557 non

155 2613 198 2679 ad
221 2614 476 2679 similitudinem
498 2612 672 2678 referenda
694 2634 774 2689 esse,
798 2611 856 2676 sed
879 2611 919 2676 de
942 2611 1114 2677 adulatore
1137 2612 1210 2678 dici.

154 2953 191 3016 p.
214 2933 294 2998 52α
316 2932 404 3016 (cop.
438 2931 509 3012 VI).

238 3055 377 3135 βεβαιῶν
406 3053 440 3116 δὲ
467 3051 502 3114 τὸ
532 3051 644 3133 φιλοῦν
665 3050 717 3113 καὶ
744 3049 779 3112 τὸ
807 3053 921 3130 μισοῦν
949 3049 995 3119 ὡς
1024 3051 1121 3132 κρίσει
1147 3051 1267 3133 μᾶλλον
1295 3054 1313 3133 ἢ

153 3175 249 3237 πάθει
271 3175 462 3256 γιγνόμενον.

239 3294 390 3360 Delenda
423 3301 472 3360 est
513 3292 677 3378 particula
715 3293 764 3371 ὂέ;
801 3313 881 3355 nam
921 3293 1137 3378 participium
1176 3296 1315 3376 βεβαιῶν

155 3415 286 3481 duobus
309 3415 536 3500 superioribus
561 3414 683 3498 (ψέγων
695 3414 754 3496 μὲν
772 3450 814 3459 -
831 3415 990 3498 ἐπαινέτης
1005 3416 1058 3479 δὲ.
1072 3465 1078 3478 .
1092 3466 1098 3478 .
1111 3415 1313 3498 φαινόμενος)

154 3559 224 3602 non
257 3535 453 3622 adiungitur
485 3535 544 3600 sed
577 3535 800 3619 subiungitur,
836 3555 914 3599 cum
954 3536 1106 3620 explicet,
1146 3535 1315 3620 quomodo

154 3659 308 3724 adulator
346 3649 661 3744 reprehensionibus
707 3663 740 3721 et
777 3654 934 3720 laudibus
974 3657 1043 3720 suis
1081 3656 1182 3721 fidem
1214 3657 1315 3722 faciat

154 3780 245 3865 apud
269 3802 356 3858 cum,
381 3780 477 3845 cuius
499 3778 643 3862 gratiam
665 3777 729 3842 sibi
751 3777 927 3842 conciliare
950 3784 1096 3842 conetur.

185 4199 205 4267 ¹)
223 4202 358 4269 Krigelius
375 4201 501 4257 libellum
528 4199 669 4255 Plutarchi
694 4198 727 4254 de
753 4199 897 4254 adulatore
921 4203 946 4253 et
970 4199 1060 4254 amico
1083 4214 1209 4254 seorsum
1233 4195 1315 4251 edidit

229 4290 329 4358 Lipsiae
349 4289 424 4343 1775.

183 4375 204 4441 ²)
225 4378 285 4434 vid.
304 4378 379 4446 praef.
399 4378 461 4433 edit.
480 4394 506 4446 p.
527 4377 584 4431 XX.

183 4461 204 4530 ³)
225 4466 284 4522 Vid.
303 4465 387 4520 huius
407 4465 476 4533 disp.
496 4480 557 4532 pag.
576 4463 618 4518 56.
