3306 5144
719 432 760 495 89

156 641 188 704 ρ.
211 621 255 688 83
267 620 353 688 d-e
376 623 467 707 (cop.
492 623 591 703 XII).

240 743 287 813 οἷς
308 742 366 807 οὗν
387 745 472 808 οὕτω
494 742 635 826 εὐόνειρα
659 794 665 806 .
689 794 695 808 .
719 794 726 807 .
750 795 756 807 .
779 745 830 808 ἐπὶ
851 751 914 814 τοῖς
935 744 1039 826 λόγοις
1061 745 1238 808 ἀσάλευτον.

181 853 182 858 ¹
240 865 379 930 Temere
401 865 594 931 Hercherus
621 865 775 932 codicum
805 866 969 950 scriptura
998 864 1173 950 repudiata
1195 866 1321 930 coniec-

157 991 298 1070 turaque
311 985 441 1050 Reiskii
460 985 618 1070 (λέγομεν)
637 994 770 1072 recepta
787 988 859 1073 ipse
875 993 970 1051 ταῦτα
988 994 1066 1052 ante
1083 994 1137 1069 τῆς
1153 995 1320 1070 προκοπῆς

34 1185 35 1192 ¹
157 1106 192 1172 in
213 1107 333 1178 τούτοις
353 1108 508 1174 mutavit.
554 1107 620 1174 Sed
641 1109 756 1174 omnia
778 1130 860 1176 sana
882 1115 970 1186 sunt,
994 1107 1094 1173 modo
1114 1115 1202 1174 recte
1221 1108 1322 1193 expli-

34 1315 35 1320 *
157 1235 288 1293 centur:
322 1229 407 1294 Toto
429 1230 492 1295 hoc
515 1230 623 1317 capite
633 1229 666 1314 1),
700 1251 768 1314 quo
790 1230 961 1315 quaeritur,
994 1237 1163 1314 quantum
1185 1229 1229 1294 ad
1250 1251 1323 1315 pro·

34 1349 36 1448 :
156 1349 264 1417 iectus
296 1349 332 1414 in
364 1351 489 1416 virtute
527 1350 775 1436 cognoscendos
804 1351 940 1417 valeant
969 1351 1108 1429 somnia,
1143 1351 1322 1416 manifesto

34 1451 36 1470 ”
156 1470 300 1536 aliorum
328 1471 605 1557 philosophorum
635 1473 809 1560 opiniones
831 1472 1032 1538 Plutarchus
1061 1473 1215 1557 exponit;
1250 1473 1322 1558 ipse
1412 1511 1415 1520 .

34 1583 35 1600 ¹
156 1591 290 1658 dubitat
327 1599 361 1658 et
397 1593 482 1678 quid
520 1594 643 1659 sentiat
680 1599 776 1658 caute
809 1594 985 1679 postremis
1019 1594 1136 1679 capitis
1169 1593 1323 1660 versibus

155 1712 288 1784 indicat·
307 1713 585 1798 (εἴτε-ἀσάλευτον).
634 1714 737 1780 Recte
766 1715 870 1799 igitur
891 1736 1008 1780 eorum
1030 1714 1140 1781 verbis
1162 1714 1320 1800 loquitur,

156 1836 215 1919 qui
243 1856 316 1900 rem
344 1836 472 1922 experti
500 1843 588 1914 sunt,
619 1837 745 1922 quique
773 1843 947 1915 testantur,
977 1837 1048 1901 eius
1077 1835 1169 1902 modi
1192 1838 1324 1902 somnia

34 2047 35 2050 Ἴ
155 1956 232 2022 laeta
257 1956 376 2041 (τοῦτο)
400 1958 498 2042 quasi
519 1957 684 2042 quasdam
700 1958 864 2043 imagines
883 1979 1092 2044 repercussas
1109 1959 1323 2043 profectuum
1373 1956 1375 1958 ’

156 2099 298 2144 suorum
326 2099 406 2144 esse.
437 2115 479 2124 —
507 2079 558 2143 De
585 2079 784 2164 pronomine
811 2086 906 2144 ταῦτα
935 2080 974 2144 cf.
1004 2079 1116 2146 Madv.
1147 2079 1240 2164 Synt.
1266 2051 1322 2145 dr.

154 2198 176 2284 ξ
197 2203 241 2266 98
254 2221 275 2264 a
296 2206 385 2266 nota.
430 2200 510 2266 Post
532 2203 665 2264 ἐοικέναι
687 2199 834 2265 tollenda
856 2201 1091 2285 interpunctio,
1125 2221 1207 2266 nam
1228 2223 1325 2285 gene

155 2322 247 2387 tivus
270 2327 386 2405 ψυχῆς,
410 2321 465 2386 cui
477 2321 691 2407 appositione
701 2321 861 2388 adiuncta
872 2328 952 2386 sunt
960 2321 1137 2407 participia
1148 2323 1324 2406 sequentia

34 2519 35 2528 ἵ
157 2442 548 2526 (ἐχούσης-πλαττομένης)
588 2443 714 2528 pendet
746 2465 764 2508 e
797 2442 1016 2509 substantivis
1048 2442 1323 2509 antecedentibus

34 2529 36 2568 :
157 2563 440 2648 (ῥαχίαις-σάλοις),
484 2563 576 2649 quod
615 2565 681 2630 nisi
718 2565 766 2629 ita
806 2585 840 2629 se
880 2563 1019 2630 haberet
1051 2571 1084 2629 et
1115 2571 1169 2648 τῆς
1201 2571 1324 2648 ψυχῆς.

34 2725 35 2746 ι
155 2687 371 2768 πλαττομένης
408 2686 585 2770 genetivus
617 2685 790 2752 absolutus
824 2692 918 2763 esset,
960 2686 1096 2770 frigeret
1126 2687 1192 2759 τισί,
1232 2685 1325 2770 quod

156 2827 252 2871 nunc
273 2812 351 2891 apte
373 2805 517 2885 additur,
541 2828 620 2873 cum
641 2829 711 2873 non
733 2807 879 2874 deveris
897 2805 1055 2871 fluctibus
1073 2807 1176 2872 maris
1194 2814 1324 2892 agatur,

157 2927 216 2992 sed
246 2927 288 2992 da
316 2928 421 2994 animi
448 2928 606 3007 motibus,
634 2928 677 2994 ad
705 2949 790 3013 quos
812 2928 951 2994 nomina
972 2927 1030 2992 illa
1054 2928 1324 3012 (ῥαχίαις-σάλοις)

157 3050 263 3116 tacita
284 3049 532 3134 comparatione
554 3051 811 3116 transferuntur.

34 3299 35 3304 Ἰ
153 3375 188 3438 p.
213 3352 291 3421 83ε
311 3353 399 3437 (cap.
425 3353 525 3428 XII).

246 3479 341 3538 ταῦτα
362 3473 422 3556 μὲν
444 3473 502 3539 οὖν
524 3475 741 3539 συνεπισκόπει
762 3475 817 3538 καὶ
838 3474 933 3546 αὐτὸς
954 3477 1017 3539 κτλ.

248 3593 470 3661 Scribendum
499 3597 667 3670 detondant,
696 3617 764 3661 non
793 3597 1018 3670 συνεπισκόπει,
1046 3596 1066 3660 i.
1091 3617 1116 3660 a.
1144 3595 1327 3677 tconsidera

161 3740 234 3785 una
282 3718 435 3800 mecm,
478 3739 560 3781 nam
599 3718 817 3781 συνεπισκόπει
857 3723 890 3782 et
930 3719 983 3781 καὶ
1023 3718 1117 3788 αὐτός
1156 3718 1244 3783 inter
1291 3739 1326 3783 sc

160 3839 293 3905 tollunt.
348 3837 513 3902 Praeterea
534 3839 593 3904 vix
613 3839 642 3903 is
664 3837 767 3906 verbo
790 3845 1025 3903 συνεπισκοπεῖν
1047 3840 1097 3904 uti
1120 3845 1238 3925 potest,
1267 3839 1327 3924 qui
1431 3887 1441 3902 τ

161 3960 205 4025 ad
233 3959 316 4024 alias
343 3958 574 4043 trangrediens
602 3958 845 4046 disputationes
872 3960 944 4045 ipse
966 3960 1078 4026 locum
1099 3983 1202 4046 quem
1225 3958 1326 4028 relin-

163 4082 238 4168 quit
257 4080 314 4146 alii
336 4079 591 4146 deliberandum
606 4081 717 4146 tradit.
763 4080 968 4147 Verisimile
986 4089 1044 4162 est,
1068 4104 1209 4169 pravam
1228 4082 1327 4166 scrip-

199 4405 221 4472 1)
241 4409 335 4477 Comp·
355 4407 463 4463 initium
482 4408 589 4476 capitis.
