<?xml version="1.0" encoding="UTF-8"?>
<!DOCTYPE html PUBLIC "-//W3C//DTD XHTML 1.0 Transitional//EN"
    "http://www.w3.org/TR/xhtml1/DTD/xhtml1-transitional.dtd">
<html xmlns="http://www.w3.org/1999/xhtml" xml:lang="en" lang="en">
 <head>
  <title>
</title>
<meta http-equiv="Content-Type" content="text/html;charset=utf-8" />
  <meta name='ocr-system' content='tesseract 3.04.00' />
  <meta name='ocr-capabilities' content='ocr_page ocr_carea ocr_par ocr_line ocrx_word'/>
</head>
<body>
  <div class='ocr_page' id='page_1' title='image "./studiacriticain00larsgoog_0037.png"; bbox 0 0 3282 5146; ppageno 0'>
   <div class='ocr_carea' id='block_1_1' title="bbox 881 414 1305 536">
    <p class='ocr_par' dir='ltr' id='par_1_1' title="bbox 881 407 1619 554">
     <span class='ocr_line' id='line_1_1' title="bbox 881 414 1305 536; baseline 0 -22"><span class='ocrx_word' id='word_1_1' title='bbox 881 439 1013 536; x_wconf 57' lang='lat' dir='ltr'>ac,</span> <span class='ocrx_word' id='word_1_2' title='bbox 1302 414 1305 418; x_wconf 69' lang='grc'><strong>’</strong></span> 
     </span>
    </p>
   </div>
   <div class='ocr_carea' id='block_1_2' title="bbox 347 640 1522 726">
    <p class='ocr_par' dir='ltr' id='par_1_2' title="bbox 347 631 1619 758">
     <span class='ocr_line' id='line_1_2' title="bbox 347 640 1522 726; baseline 0.003 -22"><span class='ocrx_word' id='word_1_3' title='bbox 347 641 430 724; x_wconf 90' lang='lat' dir='ltr'>quin</span> <span class='ocrx_word' id='word_1_4' title='bbox 459 640 696 718; x_wconf 87' lang='lat' dir='ltr'>contenderim,</span> <span class='ocrx_word' id='word_1_5' title='bbox 728 662 797 705; x_wconf 93' lang='lat' dir='ltr'>non</span> <span class='ocrx_word' id='word_1_6' title='bbox 818 662 896 706; x_wconf 86' lang='lat' dir='ltr'>esse</span> <span class='ocrx_word' id='word_1_7' title='bbox 927 641 985 706; x_wconf 90' lang='lat' dir='ltr'>ubi</span> <span class='ocrx_word' id='word_1_8' title='bbox 1016 641 1198 726; x_wconf 89' lang='lat' dir='ltr'>disputatio</span> <span class='ocrx_word' id='word_1_9' title='bbox 1230 641 1284 707; x_wconf 89' lang='lat' dir='ltr'>vel</span> <span class='ocrx_word' id='word_1_10' title='bbox 1311 642 1522 708; x_wconf 88' lang='lat' dir='ltr'>brevissima</span> 
     </span>
    </p>
   </div>
   <div class='ocr_carea' id='block_1_3' title="bbox 254 739 1593 1695">
    <p class='ocr_par' dir='ltr' id='par_1_3' title="bbox 346 739 1520 848">
     <span class='ocr_line' id='line_1_3' title="bbox 346 739 1520 848; baseline 0.003 -23"><span class='ocrx_word' id='word_1_11' title='bbox 346 762 417 826; x_wconf 88' lang='lat' dir='ltr'>sine</span> <span class='ocrx_word' id='word_1_12' title='bbox 455 762 628 827; x_wconf 87' lang='lat' dir='ltr'>sententiae</span> <span class='ocrx_word' id='word_1_13' title='bbox 666 761 790 827; x_wconf 90' lang='lat' dir='ltr'>damno</span> <span class='ocrx_word' id='word_1_14' title='bbox 827 763 998 848; x_wconf 88' lang='lat' dir='ltr'>interponi</span> <span class='ocrx_word' id='word_1_15' title='bbox 1032 739 1145 847; x_wconf 79' lang='lat' dir='ltr'>possit.</span> <span class='ocrx_word' id='word_1_16' title='bbox 1217 763 1302 828; x_wconf 84' lang='lat' dir='ltr'>Tota</span> <span class='ocrx_word' id='word_1_17' title='bbox 1332 761 1520 830; x_wconf 86' lang='lat' dir='ltr'>difficultas</span> 
     </span>
    </p>

    <p class='ocr_par' dir='ltr' id='par_1_4' title="bbox 345 882 1519 968">
     <span class='ocr_line' id='line_1_4' title="bbox 345 882 1519 968; baseline 0.001 -21"><span class='ocrx_word' id='word_1_18' title='bbox 345 883 470 967; x_wconf 91' lang='lat' dir='ltr'>optime</span> <span class='ocrx_word' id='word_1_19' title='bbox 483 889 516 947; x_wconf 91' lang='lat' dir='ltr'>et</span> <span class='ocrx_word' id='word_1_20' title='bbox 526 882 683 947; x_wconf 79' lang='lat' dir='ltr'>facillime</span> <span class='ocrx_word' id='word_1_21' title='bbox 698 883 825 948; x_wconf 86' lang='lat' dir='ltr'>tollitur</span> <span class='ocrx_word' id='word_1_22' title='bbox 837 883 987 948; x_wconf 78' lang='lat' dir='ltr'>eiciendo</span> <span class='ocrx_word' id='word_1_23' title='bbox 998 883 1119 948; x_wconf 75' lang='lat' dir='ltr'>illator</span> <span class='ocrx_word' id='word_1_24' title='bbox 1130 886 1200 966; x_wconf 80' lang='grc' dir='ltr'><em>βίον</em></span> <span class='ocrx_word' id='word_1_25' title='bbox 1212 886 1380 968; x_wconf 78' lang='grc' dir='ltr'>ἀτύφωτον</span> <span class='ocrx_word' id='word_1_26' title='bbox 1394 887 1519 959; x_wconf 83' lang='grc' dir='ltr'><em>ἀσκεῖν,</em></span> 
     </span>
    </p>

    <p class='ocr_par' dir='ltr' id='par_1_5' title="bbox 254 995 1593 1332">
     <span class='ocr_line' id='line_1_5' title="bbox 345 995 1519 1095; baseline 0.003 -28"><span class='ocrx_word' id='word_1_27' title='bbox 345 1024 421 1088; x_wconf 87' lang='lat' dir='ltr'>quae</span> <span class='ocrx_word' id='word_1_28' title='bbox 451 1024 552 1069; x_wconf 88' lang='lat' dir='ltr'>causa</span> <span class='ocrx_word' id='word_1_29' title='bbox 576 995 801 1069; x_wconf 72' lang='lat' dir='ltr'>&#39;dubiationis</span> <span class='ocrx_word' id='word_1_30' title='bbox 828 1004 903 1095; x_wconf 80' lang='lat' dir='ltr'>luit,</span> <span class='ocrx_word' id='word_1_31' title='bbox 934 1025 1077 1090; x_wconf 89' lang='lat' dir='ltr'>quaeque</span> <span class='ocrx_word' id='word_1_32' title='bbox 1100 1005 1279 1070; x_wconf 79' lang='lat' dir='ltr'>manifesto</span> <span class='ocrx_word' id='word_1_33' title='bbox 1301 1006 1519 1090; x_wconf 77' lang='lat' dir='ltr'>glossematis</span> 
     </span>
     <span class='ocr_line' id='line_1_6' title="bbox 254 1108 1593 1252; baseline 0.002 -63"><span class='ocrx_word' id='word_1_34' title='bbox 254 1119 490 1210; x_wconf 55' lang='lat' dir='ltr'>aLsLspeciem</span> <span class='ocrx_word' id='word_1_35' title='bbox 507 1146 576 1209; x_wconf 87' lang='lat' dir='ltr'>prae</span> <span class='ocrx_word' id='word_1_36' title='bbox 595 1145 629 1189; x_wconf 87' lang='lat' dir='ltr'>se</span> <span class='ocrx_word' id='word_1_37' title='bbox 642 1125 767 1189; x_wconf 81' lang='lat' dir='ltr'>lerunt.</span> <span class='ocrx_word' id='word_1_38' title='bbox 790 1125 981 1211; x_wconf 81' lang='lat' dir='ltr'>-Adscripta</span> <span class='ocrx_word' id='word_1_39' title='bbox 999 1132 1094 1191; x_wconf 91' lang='lat' dir='ltr'>erant</span> <span class='ocrx_word' id='word_1_40' title='bbox 1109 1126 1182 1190; x_wconf 89' lang='lat' dir='ltr'>haec</span> <span class='ocrx_word' id='word_1_41' title='bbox 1193 1108 1344 1192; x_wconf 91' lang='lat' dir='ltr'>verbain</span> <span class='ocrx_word' id='word_1_42' title='bbox 1358 1129 1518 1211; x_wconf 85' lang='lat' dir='ltr'>margine</span> <span class='ocrx_word' id='word_1_43' title='bbox 1542 1169 1568 1207; x_wconf 53' lang='grc' dir='ltr'>χ,</span> <span class='ocrx_word' id='word_1_44' title='bbox 1575 1183 1593 1252; x_wconf 67' lang='lat' dir='ltr'><strong><em>s</em></strong></span> 
     </span>
     <span class='ocr_line' id='line_1_7' title="bbox 259 1245 1514 1332; baseline 0 -21"><span class='ocrx_word' id='word_1_45' title='bbox 259 1254 285 1302; x_wconf 54' lang='lat' dir='ltr'><em>f</em></span> <span class='ocrx_word' id='word_1_46' title='bbox 345 1245 389 1311; x_wconf 86' lang='lat' dir='ltr'>ad</span> <span class='ocrx_word' id='word_1_47' title='bbox 411 1246 648 1331; x_wconf 86' lang='lat' dir='ltr'>explicandum</span> <span class='ocrx_word' id='word_1_48' title='bbox 670 1247 886 1332; x_wconf 87' lang='lat' dir='ltr'>participium</span> <span class='ocrx_word' id='word_1_49' title='bbox 907 1253 971 1311; x_wconf 84' lang='grc' dir='ltr'><em>τῶν</em></span> <span class='ocrx_word' id='word_1_50' title='bbox 993 1249 1187 1330; x_wconf 78' lang='grc' dir='ltr'><em>εἰρημένων;</em></span> <span class='ocrx_word' id='word_1_51' title='bbox 1209 1247 1273 1313; x_wconf 84' lang='lat' dir='ltr'>hoc</span> <span class='ocrx_word' id='word_1_52' title='bbox 1287 1249 1335 1329; x_wconf 80' lang='lat' dir='ltr'>(rol</span> <span class='ocrx_word' id='word_1_53' title='bbox 1347 1249 1514 1332; x_wconf 84' lang='grc' dir='ltr'><em>εἰρημένα)</em></span> 
     </span>
    </p>

    <p class='ocr_par' dir='ltr' id='par_1_6' title="bbox 345 1347 1515 1453">
     <span class='ocr_line' id='line_1_8' title="bbox 345 1347 1515 1453; baseline 0.001 -22"><span class='ocrx_word' id='word_1_54' title='bbox 345 1366 396 1431; x_wconf 81' lang='lat' dir='ltr'>ad·</span> <span class='ocrx_word' id='word_1_55' title='bbox 421 1367 557 1446; x_wconf 88' lang='lat' dir='ltr'>initium</span> <span class='ocrx_word' id='word_1_56' title='bbox 590 1365 708 1453; x_wconf 88' lang='lat' dir='ltr'>capitis</span> <span class='ocrx_word' id='word_1_57' title='bbox 741 1365 825 1434; x_wconf 88' lang='lat' dir='ltr'>XIV</span> <span class='ocrx_word' id='word_1_58' title='bbox 860 1373 1002 1453; x_wconf 85' lang='lat' dir='ltr'>spectat,</span> <span class='ocrx_word' id='word_1_59' title='bbox 1045 1367 1152 1451; x_wconf 88' lang='lat' dir='ltr'>quod</span> <span class='ocrx_word' id='word_1_60' title='bbox 1190 1347 1332 1453; x_wconf 86' lang='lat' dir='ltr'>ipsum¹</span> <span class='ocrx_word' id='word_1_61' title='bbox 1358 1369 1404 1433; x_wconf 87' lang='lat' dir='ltr'>de</span> <span class='ocrx_word' id='word_1_62' title='bbox 1437 1371 1515 1452; x_wconf 81' lang='grc' dir='ltr'>βίῳ</span> 
     </span>
    </p>

    <p class='ocr_par' dir='ltr' id='par_1_7' title="bbox 345 1489 1515 1585">
     <span class='ocr_line' id='line_1_9' title="bbox 345 1489 1515 1585; baseline 0.003 -35"><span class='ocrx_word' id='word_1_63' title='bbox 345 1490 538 1571; x_wconf 74' lang='grc' dir='ltr'><em>ἀτνρώτῳ</em></span> <span class='ocrx_word' id='word_1_64' title='bbox 565 1496 633 1554; x_wconf 91' lang='lat' dir='ltr'>est.</span> <span class='ocrx_word' id='word_1_65' title='bbox 646 1489 669 1573; x_wconf 86' lang='lat'>1)</span> <span class='ocrx_word' id='word_1_66' title='bbox 702 1489 754 1553; x_wconf 83' lang='lat' dir='ltr'>Ex</span> <span class='ocrx_word' id='word_1_67' title='bbox 765 1490 916 1572; x_wconf 81' lang='lat' dir='ltr'>margine</span> <span class='ocrx_word' id='word_1_68' title='bbox 929 1489 1265 1585; x_wconf 85' lang='lat' dir='ltr'>interpretamentum</span> <span class='ocrx_word' id='word_1_69' title='bbox 1276 1490 1313 1554; x_wconf 89' lang='lat' dir='ltr'>in</span> <span class='ocrx_word' id='word_1_70' title='bbox 1325 1490 1515 1555; x_wconf 90' lang='lat' dir='ltr'>orationem</span> 
     </span>
    </p>

    <p class='ocr_par' dir='ltr' id='par_1_8' title="bbox 344 1607 1516 1695">
     <span class='ocr_line' id='line_1_10' title="bbox 344 1607 1516 1695; baseline 0.003 -22"><span class='ocrx_word' id='word_1_71' title='bbox 344 1610 485 1695; x_wconf 80' lang='lat' dir='ltr'>irrepsit,</span> <span class='ocrx_word' id='word_1_72' title='bbox 520 1632 596 1694; x_wconf 91' lang='lat' dir='ltr'>quae</span> <span class='ocrx_word' id='word_1_73' title='bbox 626 1610 718 1694; x_wconf 89' lang='lat' dir='ltr'>origo</span> <span class='ocrx_word' id='word_1_74' title='bbox 749 1617 835 1676; x_wconf 91' lang='lat' dir='ltr'>certe</span> <span class='ocrx_word' id='word_1_75' title='bbox 866 1631 966 1674; x_wconf 89' lang='lat' dir='ltr'>causa</span> <span class='ocrx_word' id='word_1_76' title='bbox 996 1617 1054 1687; x_wconf 87' lang='lat' dir='ltr'>est,</span> <span class='ocrx_word' id='word_1_77' title='bbox 1089 1626 1194 1693; x_wconf 90' lang='lat' dir='ltr'>quare</span> <span class='ocrx_word' id='word_1_78' title='bbox 1224 1611 1391 1677; x_wconf 87' lang='lat' dir='ltr'>infinitivo</span> <span class='ocrx_word' id='word_1_79' title='bbox 1425 1607 1516 1677; x_wconf 89' lang='lat' dir='ltr'>desit</span> 
     </span>
    </p>
   </div>
   <div class='ocr_carea' id='block_1_4' title="bbox 345 1731 978 1830">
    <p class='ocr_par' dir='ltr' id='par_1_9' title="bbox 345 1731 978 1830">
     <span class='ocr_line' id='line_1_11' title="bbox 345 1731 978 1830; baseline -0.002 -35"><span class='ocrx_word' id='word_1_80' title='bbox 345 1731 514 1830; x_wconf 88' lang='lat' dir='ltr'>articulus,</span> <span class='ocrx_word' id='word_1_81' title='bbox 537 1733 574 1795; x_wconf 89' lang='lat' dir='ltr'>in</span> <span class='ocrx_word' id='word_1_82' title='bbox 596 1731 733 1815; x_wconf 92' lang='lat' dir='ltr'>reliquis</span> <span class='ocrx_word' id='word_1_83' title='bbox 755 1731 905 1796; x_wconf 90' lang='lat' dir='ltr'>adiectus</span> <span class='ocrx_word' id='word_1_84' title='bbox 928 1731 978 1795; x_wconf 90' lang='lat' dir='ltr'>sit.</span> 
     </span>
    </p>
   </div>
   <div class='ocr_carea' id='block_1_5' title="bbox 194 1965 1551 3742">
    <p class='ocr_par' dir='ltr' id='par_1_10' title="bbox 342 1965 1514 3140">
     <span class='ocr_line' id='line_1_12' title="bbox 423 1965 1514 2050; baseline -0.002 -17"><span class='ocrx_word' id='word_1_85' title='bbox 423 1987 459 2050; x_wconf 78' lang='lat' dir='ltr'>p.</span> <span class='ocrx_word' id='word_1_86' title='bbox 487 1965 565 2033; x_wconf 81' lang='lat' dir='ltr'>lOd</span> <span class='ocrx_word' id='word_1_87' title='bbox 586 1965 668 2050; x_wconf 80' lang='lat' dir='ltr'>(cap.</span> <span class='ocrx_word' id='word_1_88' title='bbox 694 1965 812 2049; x_wconf 85' lang='lat' dir='ltr'><em>XIV).</em></span> <span class='ocrx_word' id='word_1_89' title='bbox 857 1967 875 2029; x_wconf 85' lang='grc' dir='ltr'>ὁ</span> <span class='ocrx_word' id='word_1_90' title='bbox 891 1967 1029 2048; x_wconf 75' lang='grc' dir='ltr'><em>μὲνγὰρ</em></span> <span class='ocrx_word' id='word_1_91' title='bbox 1048 1965 1228 2048; x_wconf 76' lang='grc' dir='ltr'><em>(Ἀρχύτας)</em></span> <span class='ocrx_word' id='word_1_92' title='bbox 1248 1967 1433 2030; x_wconf 70' lang='grc' dir='ltr'><em>ἐπανελθὼν</em></span> <span class='ocrx_word' id='word_1_93' title='bbox 1445 1969 1514 2032; x_wconf 83' lang='grc' dir='ltr'>ἀπὸ</span> 
     </span>
     <span class='ocr_line' id='line_1_13' title="bbox 344 2086 1512 2172; baseline 0.003 -23"><span class='ocrx_word' id='word_1_94' title='bbox 344 2093 398 2150; x_wconf 83' lang='grc' dir='ltr'>τοῦ</span> <span class='ocrx_word' id='word_1_95' title='bbox 410 2088 551 2169; x_wconf 79' lang='grc' dir='ltr'><em>πολέμου</em></span> <span class='ocrx_word' id='word_1_96' title='bbox 570 2088 765 2171; x_wconf 80' lang='grc' dir='ltr'><em>(στρατηγῶν</em></span> <span class='ocrx_word' id='word_1_97' title='bbox 772 2086 966 2169; x_wconf 78' lang='grc' dir='ltr'><em>’δ’ἔιύχχανε)</em></span> <span class='ocrx_word' id='word_1_98' title='bbox 987 2093 1045 2168; x_wconf 82' lang='grc' dir='ltr'><em>γῆν</em></span> <span class='ocrx_word' id='word_1_99' title='bbox 1056 2087 1246 2169; x_wconf 76' lang='grc' dir='ltr'><em>καταλαβὼν</em></span> <span class='ocrx_word' id='word_1_100' title='bbox 1257 2089 1512 2172; x_wconf 82' lang='grc' dir='ltr'><em>κεχερσωμένην,</em></span> 
     </span>
     <span class='ocr_line' id='line_1_14' title="bbox 343 2207 1512 2313; baseline 0.003 -42"><span class='ocrx_word' id='word_1_101' title='bbox 343 2209 397 2271; x_wconf 86' lang='grc' dir='ltr'><em>τὸν</em></span> <span class='ocrx_word' id='word_1_102' title='bbox 426 2210 593 2292; x_wconf 80' lang='grc' dir='ltr'><em>ἐπίτροπον</em></span> <span class='ocrx_word' id='word_1_103' title='bbox 619 2210 754 2279; x_wconf 78' lang='grc' dir='ltr'><strong><em>καλέσας</em></strong></span> <span class='ocrx_word' id='word_1_104' title='bbox 783 2211 883 2313; x_wconf 59' lang='grc' dir='ltr'>Υοὐρῆς</span> <span class='ocrx_word' id='word_1_105' title='bbox 899 2242 901 2247; x_wconf 90' lang='grc'><em>·</em></span> <span class='ocrx_word' id='word_1_106' title='bbox 915 2208 977 2302; x_wconf 81' lang='grc' dir='ltr'><em>κτλ.</em></span> <span class='ocrx_word' id='word_1_107' title='bbox 1034 2207 1206 2272; x_wconf 73' lang='lat' dir='ltr'>Sententia</span> <span class='ocrx_word' id='word_1_108' title='bbox 1239 2209 1417 2294; x_wconf 86' lang='lat' dir='ltr'>perspicua</span> <span class='ocrx_word' id='word_1_109' title='bbox 1445 2217 1512 2289; x_wconf 88' lang='lat' dir='ltr'>est;</span> 
     </span>
     <span class='ocr_line' id='line_1_15' title="bbox 343 2329 1513 2415; baseline 0.001 -20"><span class='ocrx_word' id='word_1_110' title='bbox 343 2337 499 2395; x_wconf 83' lang='lat' dir='ltr'>nanatur</span> <span class='ocrx_word' id='word_1_111' title='bbox 527 2329 693 2414; x_wconf 77' lang='lat' dir='ltr'>Archytas</span> <span class='ocrx_word' id='word_1_112' title='bbox 722 2351 740 2394; x_wconf 92' lang='lat' dir='ltr'>e</span> <span class='ocrx_word' id='word_1_113' title='bbox 769 2329 856 2394; x_wconf 85' lang='lat' dir='ltr'>bello</span> <span class='ocrx_word' id='word_1_114' title='bbox 886 2349 1038 2395; x_wconf 89' lang='lat' dir='ltr'>reversus</span> <span class='ocrx_word' id='word_1_115' title='bbox 1068 2349 1187 2412; x_wconf 87' lang='lat' dir='ltr'>agrurn</span> <span class='ocrx_word' id='word_1_116' title='bbox 1206 2349 1344 2392; x_wconf 84' lang='lat' dir='ltr'>suum</span> <span class='ocrx_word' id='word_1_117' title='bbox 1373 2337 1513 2415; x_wconf 89' lang='lat' dir='ltr'>propter</span> 
     </span>
     <span class='ocr_line' id='line_1_16' title="bbox 343 2441 1512 2540; baseline 0.001 -24"><span class='ocrx_word' id='word_1_118' title='bbox 343 2450 446 2517; x_wconf 79' lang='lat' dir='ltr'>villici</span> <span class='ocrx_word' id='word_1_119' title='bbox 476 2450 661 2516; x_wconf 87' lang='lat' dir='ltr'>socordiam</span> <span class='ocrx_word' id='word_1_120' title='bbox 677 2457 724 2528; x_wconf 49' lang='lat' dir='ltr'>‚et</span> <span class='ocrx_word' id='word_1_121' title='bbox 751 2450 917 2514; x_wconf 88' lang='lat' dir='ltr'>incuriam</span> <span class='ocrx_word' id='word_1_122' title='bbox 944 2448 1135 2533; x_wconf 87' lang='lat' dir='ltr'>neglectum</span> <span class='ocrx_word' id='word_1_123' title='bbox 1156 2450 1352 2540; x_wconf 62' lang='lat' dir='ltr'>invenisse,</span> <span class='ocrx_word' id='word_1_124' title='bbox 1379 2441 1512 2516; x_wconf 86' lang='lat' dir='ltr'>Verum</span> 
     </span>
     <span class='ocr_line' id='line_1_17' title="bbox 343 2553 1510 2654; baseline 0.004 -19"><span class='ocrx_word' id='word_1_125' title='bbox 343 2571 436 2635; x_wconf 85' lang='lat' dir='ltr'>haud</span> <span class='ocrx_word' id='word_1_126' title='bbox 465 2561 532 2636; x_wconf 90' lang='lat' dir='ltr'>scio</span> <span class='ocrx_word' id='word_1_127' title='bbox 562 2593 607 2636; x_wconf 90' lang='lat' dir='ltr'>an</span> <span class='ocrx_word' id='word_1_128' title='bbox 635 2570 741 2636; x_wconf 91' lang='lat' dir='ltr'>nihilo</span> <span class='ocrx_word' id='word_1_129' title='bbox 770 2571 884 2634; x_wconf 88' lang='lat' dir='ltr'>minus</span> <span class='ocrx_word' id='word_1_130' title='bbox 913 2553 1011 2634; x_wconf 89' lang='lat' dir='ltr'>locus</span> <span class='ocrx_word' id='word_1_131' title='bbox 1034 2591 1104 2635; x_wconf 93' lang='lat' dir='ltr'>non</span> <span class='ocrx_word' id='word_1_132' title='bbox 1133 2570 1262 2654; x_wconf 76' lang='lat' dir='ltr'>integer</span> <span class='ocrx_word' id='word_1_133' title='bbox 1289 2571 1432 2636; x_wconf 89' lang='lat' dir='ltr'>traditus</span> <span class='ocrx_word' id='word_1_134' title='bbox 1456 2573 1510 2642; x_wconf 81' lang='lat' dir='ltr'>sit.</span> 
     </span>
     <span class='ocr_line' id='line_1_18' title="bbox 345 2691 1510 2777; baseline 0.001 -21"><span class='ocrx_word' id='word_1_135' title='bbox 345 2692 562 2776; x_wconf 78' lang='lat' dir='ltr'>Quamquam</span> <span class='ocrx_word' id='word_1_136' title='bbox 578 2693 669 2757; x_wconf 88' lang='lat' dir='ltr'>enim</span> <span class='ocrx_word' id='word_1_137' title='bbox 684 2691 776 2777; x_wconf 93' lang='lat' dir='ltr'>apud</span> <span class='ocrx_word' id='word_1_138' title='bbox 790 2691 993 2756; x_wconf 87' lang='lat' dir='ltr'>vocabulum</span> <span class='ocrx_word' id='word_1_139' title='bbox 1008 2699 1047 2774; x_wconf 83' lang='grc' dir='ltr'>γῆ</span> <span class='ocrx_word' id='word_1_140' title='bbox 1060 2712 1147 2776; x_wconf 85' lang='lat' dir='ltr'>saepe</span> <span class='ocrx_word' id='word_1_141' title='bbox 1160 2691 1320 2756; x_wconf 79' lang='lat' dir='ltr'>articulus</span> <span class='ocrx_word' id='word_1_142' title='bbox 1333 2693 1510 2774; x_wconf 87' lang='lat' dir='ltr'>omittitur,</span> 
     </span>
     <span class='ocr_line' id='line_1_19' title="bbox 343 2812 1512 2899; baseline 0.001 -21"><span class='ocrx_word' id='word_1_143' title='bbox 343 2835 421 2878; x_wconf 88' lang='lat' dir='ltr'>curn</span> <span class='ocrx_word' id='word_1_144' title='bbox 444 2813 497 2879; x_wconf 85' lang='lat' dir='ltr'>vel</span> <span class='ocrx_word' id='word_1_145' title='bbox 519 2814 649 2878; x_wconf 90' lang='lat' dir='ltr'>infinite</span> <span class='ocrx_word' id='word_1_146' title='bbox 671 2814 809 2899; x_wconf 89' lang='lat' dir='ltr'>ponitur</span> <span class='ocrx_word' id='word_1_147' title='bbox 830 2814 884 2877; x_wconf 86' lang='lat' dir='ltr'>vel</span> <span class='ocrx_word' id='word_1_148' title='bbox 901 2813 1059 2879; x_wconf 89' lang='lat' dir='ltr'>universa</span> <span class='ocrx_word' id='word_1_149' title='bbox 1076 2819 1164 2876; x_wconf 88' lang='lat' dir='ltr'>terra</span> <span class='ocrx_word' id='word_1_150' title='bbox 1182 2812 1397 2896; x_wconf 89' lang='lat' dir='ltr'>significatur,</span> <span class='ocrx_word' id='word_1_151' title='bbox 1422 2835 1512 2898; x_wconf 85' lang='lat' dir='ltr'>aegre</span> 
     </span>
     <span class='ocr_line' id='line_1_20' title="bbox 344 2933 1512 3018; baseline 0.001 -20"><span class='ocrx_word' id='word_1_152' title='bbox 344 2934 559 3013; x_wconf 87' lang='lat' dir='ltr'>desideratur,</span> <span class='ocrx_word' id='word_1_153' title='bbox 594 2935 653 2999; x_wconf 91' lang='lat' dir='ltr'>ubi</span> <span class='ocrx_word' id='word_1_154' title='bbox 686 2935 727 2999; x_wconf 85' lang='lat' dir='ltr'>de</span> <span class='ocrx_word' id='word_1_155' title='bbox 761 2941 849 2999; x_wconf 85' lang='lat' dir='ltr'>certa</span> <span class='ocrx_word' id='word_1_156' title='bbox 877 2933 1025 3018; x_wconf 85' lang='lat' dir='ltr'>quadarn</span> <span class='ocrx_word' id='word_1_157' title='bbox 1048 2939 1142 3018; x_wconf 89' lang='lat' dir='ltr'>parte</span> <span class='ocrx_word' id='word_1_158' title='bbox 1164 2939 1261 2998; x_wconf 89' lang='lat' dir='ltr'>terrae</span> <span class='ocrx_word' id='word_1_159' title='bbox 1283 2934 1394 3017; x_wconf 86' lang='lat' dir='ltr'>agitur</span> <span class='ocrx_word' id='word_1_160' title='bbox 1415 2934 1512 3006; x_wconf 81' lang='lat' dir='ltr'>velut</span> 
     </span>
     <span class='ocr_line' id='line_1_21' title="bbox 342 3054 1509 3140; baseline 0.002 -21"><span class='ocrx_word' id='word_1_161' title='bbox 342 3055 499 3121; x_wconf 93' lang='lat' dir='ltr'>hocloco</span> <span class='ocrx_word' id='word_1_162' title='bbox 523 3056 563 3121; x_wconf 90' lang='lat' dir='ltr'>de</span> <span class='ocrx_word' id='word_1_163' title='bbox 586 3077 665 3140; x_wconf 89' lang='lat' dir='ltr'>agro</span> <span class='ocrx_word' id='word_1_164' title='bbox 682 3055 848 3140; x_wconf 84' lang='lat' dir='ltr'>Archytae.</span> <span class='ocrx_word' id='word_1_165' title='bbox 883 3055 995 3138; x_wconf 81' lang='lat' dir='ltr'>Auget</span> <span class='ocrx_word' id='word_1_166' title='bbox 1011 3054 1140 3118; x_wconf 85' lang='lat' dir='ltr'>lacunae</span> <span class='ocrx_word' id='word_1_167' title='bbox 1158 3055 1392 3140; x_wconf 83' lang='lat' dir='ltr'>suspicionem,</span> <span class='ocrx_word' id='word_1_168' title='bbox 1416 3057 1509 3140; x_wconf 86' lang='lat' dir='ltr'>quod</span> 
     </span>
    </p>

    <p class='ocr_par' dir='ltr' id='par_1_11' title="bbox 113 3161 1551 3742">
     <span class='ocr_line' id='line_1_22' title="bbox 246 3161 1509 3260; baseline 0.002 -20"><span class='ocrx_word' id='word_1_169' title='bbox 246 3173 247 3176; x_wconf 51' lang='lat'>&#39;</span> <span class='ocrx_word' id='word_1_170' title='bbox 344 3177 513 3254; x_wconf 73' lang='lat' dir='ltr'>articulus,</span> <span class='ocrx_word' id='word_1_171' title='bbox 543 3198 620 3241; x_wconf 91' lang='lat' dir='ltr'>cum</span> <span class='ocrx_word' id='word_1_172' title='bbox 642 3178 712 3241; x_wconf 85' lang='lat' dir='ltr'>vim</span> <span class='ocrx_word' id='word_1_173' title='bbox 734 3161 837 3240; x_wconf 85' lang='lat' dir='ltr'>habet</span> <span class='ocrx_word' id='word_1_174' title='bbox 858 3175 1067 3260; x_wconf 88' lang='lat' dir='ltr'>pronominis</span> <span class='ocrx_word' id='word_1_175' title='bbox 1089 3166 1248 3253; x_wconf 72' lang='lat' dir='ltr'>reflexiri,</span> <span class='ocrx_word' id='word_1_176' title='bbox 1279 3197 1414 3260; x_wconf 87' lang='lat' dir='ltr'>prorsus</span> <span class='ocrx_word' id='word_1_177' title='bbox 1437 3197 1509 3242; x_wconf 91' lang='lat' dir='ltr'>non</span> 
     </span>
     <span class='ocr_line' id='line_1_23' title="bbox 343 3270 1508 3383; baseline -0.001 -21"><span class='ocrx_word' id='word_1_178' title='bbox 343 3297 453 3362; x_wconf 90' lang='lat' dir='ltr'>omitti</span> <span class='ocrx_word' id='word_1_179' title='bbox 474 3303 591 3383; x_wconf 86' lang='lat' dir='ltr'>potest.</span> <span class='ocrx_word' id='word_1_180' title='bbox 636 3297 754 3381; x_wconf 85' lang='lat' dir='ltr'>ltaque</span> <span class='ocrx_word' id='word_1_181' title='bbox 778 3296 875 3362; x_wconf 87' lang='lat' dir='ltr'>credo</span> <span class='ocrx_word' id='word_1_182' title='bbox 897 3299 953 3379; x_wconf 82' lang='grc' dir='ltr'><em>τ’ήν</em></span> <span class='ocrx_word' id='word_1_183' title='bbox 974 3270 1161 3360; x_wconf 87' lang='lat' dir='ltr'>necessario</span> <span class='ocrx_word' id='word_1_184' title='bbox 1184 3303 1262 3360; x_wconf 90' lang='lat' dir='ltr'>ante</span> <span class='ocrx_word' id='word_1_185' title='bbox 1286 3305 1343 3379; x_wconf 84' lang='grc' dir='ltr'><em>γῆν</em></span> <span class='ocrx_word' id='word_1_186' title='bbox 1365 3297 1508 3362; x_wconf 88' lang='lat' dir='ltr'>adicien-</span> 
     </span>
     <span class='ocr_line' id='line_1_24' title="bbox 343 3393 1551 3504; baseline -0.002 -19"><span class='ocrx_word' id='word_1_187' title='bbox 343 3420 425 3485; x_wconf 90' lang='lat' dir='ltr'>dum</span> <span class='ocrx_word' id='word_1_188' title='bbox 455 3441 534 3499; x_wconf 83' lang='lat' dir='ltr'>esse,</span> <span class='ocrx_word' id='word_1_189' title='bbox 565 3419 750 3504; x_wconf 78' lang='lat' dir='ltr'>prasertim</span> <span class='ocrx_word' id='word_1_190' title='bbox 774 3439 852 3482; x_wconf 89' lang='lat' dir='ltr'>curn</span> <span class='ocrx_word' id='word_1_191' title='bbox 873 3418 937 3482; x_wconf 95' lang='lat' dir='ltr'>hoc</span> <span class='ocrx_word' id='word_1_192' title='bbox 958 3418 1030 3482; x_wconf 93' lang='lat' dir='ltr'>loco</span> <span class='ocrx_word' id='word_1_193' title='bbox 1053 3438 1144 3482; x_wconf 87' lang='lat' dir='ltr'>error</span> <span class='ocrx_word' id='word_1_194' title='bbox 1165 3424 1301 3502; x_wconf 90' lang='lat' dir='ltr'>propter</span> <span class='ocrx_word' id='word_1_195' title='bbox 1319 3417 1506 3482; x_wconf 88' lang='lat' dir='ltr'>litterarum</span> <span class='ocrx_word' id='word_1_196' title='bbox 1549 3393 1551 3396; x_wconf 16' lang='grc' dir='ltr'>Ι</span> 
     </span>
     <span class='ocr_line' id='line_1_25' title="bbox 280 3539 1505 3624; baseline -0.003 -18"><span class='ocrx_word' id='word_1_197' title='bbox 280 3541 306 3593; x_wconf 75' lang='grc' dir='ltr'><em>ἰ</em></span> <span class='ocrx_word' id='word_1_198' title='bbox 342 3541 597 3606; x_wconf 85' lang='lat' dir='ltr'>similitudinem</span> <span class='ocrx_word' id='word_1_199' title='bbox 626 3540 852 3624; x_wconf 85' lang='lat' dir='ltr'><em>(THNFHN)</em></span> <span class='ocrx_word' id='word_1_200' title='bbox 881 3540 917 3604; x_wconf 89' lang='lat' dir='ltr'>in</span> <span class='ocrx_word' id='word_1_201' title='bbox 947 3544 1106 3624; x_wconf 89' lang='lat' dir='ltr'>promptu</span> <span class='ocrx_word' id='word_1_202' title='bbox 1135 3545 1228 3602; x_wconf 89' lang='lat' dir='ltr'>esset.</span> <span class='ocrx_word' id='word_1_203' title='bbox 1270 3539 1360 3602; x_wconf 86' lang='lat' dir='ltr'>Fieri</span> <span class='ocrx_word' id='word_1_204' title='bbox 1386 3545 1505 3623; x_wconf 85' lang='lat' dir='ltr'>potest,</span> 
     </span>
     <span class='ocr_line' id='line_1_26' title="bbox 194 3635 1419 3742; baseline -0.005 -14.434"><span class='ocrx_word' id='word_1_205' title='bbox 194 3713 257 3741; x_wconf 40' lang='lat' dir='ltr'>a„</span> <span class='ocrx_word' id='word_1_206' title='bbox 313 3689 316 3694; x_wconf 95' lang='lat'>·</span> <span class='ocrx_word' id='word_1_207' title='bbox 342 3670 380 3726; x_wconf 89' lang='lat' dir='ltr'>ut</span> <span class='ocrx_word' id='word_1_208' title='bbox 402 3665 503 3728; x_wconf 88' lang='lat' dir='ltr'>etiam</span> <span class='ocrx_word' id='word_1_209' title='bbox 524 3664 578 3727; x_wconf 86' lang='grc' dir='ltr'>καὶ</span> <span class='ocrx_word' id='word_1_210' title='bbox 600 3657 761 3728; x_wconf 87' lang='lat' dir='ltr'>exciderit</span> <span class='ocrx_word' id='word_1_211' title='bbox 782 3667 859 3726; x_wconf 86' lang='lat' dir='ltr'>ante</span> <span class='ocrx_word' id='word_1_212' title='bbox 881 3663 944 3742; x_wconf 79' lang='grc' dir='ltr'><em>τήν.</em></span> <span class='ocrx_word' id='word_1_213' title='bbox 1416 3635 1419 3640; x_wconf 30' lang='lat'>⁵</span> 
     </span>
    </p>
   </div>
   <div class='ocr_carea' id='block_1_6' title="bbox 342 3895 1506 4104">
    <p class='ocr_par' dir='ltr' id='par_1_12' title="bbox 342 3895 1506 4104">
     <span class='ocr_line' id='line_1_27' title="bbox 429 3895 1506 3982; baseline -0.002 -21"><span class='ocrx_word' id='word_1_214' title='bbox 429 3897 472 3962; x_wconf 86' lang='lat'>10</span> <span class='ocrx_word' id='word_1_215' title='bbox 495 3917 512 3962; x_wconf 84' lang='grc' dir='ltr'><em>θ</em></span> <span class='ocrx_word' id='word_1_216' title='bbox 533 3896 616 3982; x_wconf 82' lang='lat' dir='ltr'>(cap.</span> <span class='ocrx_word' id='word_1_217' title='bbox 642 3897 760 3981; x_wconf 88' lang='lat' dir='ltr'><em>XIV).</em></span> <span class='ocrx_word' id='word_1_218' title='bbox 806 3897 869 3959; x_wconf 77' lang='grc' dir='ltr'>ἀλλ’</span> <span class='ocrx_word' id='word_1_219' title='bbox 895 3896 988 3959; x_wconf 77' lang='grc' dir='ltr'><em>οὐδὲν</em></span> <span class='ocrx_word' id='word_1_220' title='bbox 1010 3895 1101 3979; x_wconf 78' lang='grc' dir='ltr'><em>ἧττον</em></span> <span class='ocrx_word' id='word_1_221' title='bbox 1123 3897 1259 3967; x_wconf 78' lang='grc' dir='ltr'><em>ἐκείνων,</em></span> <span class='ocrx_word' id='word_1_222' title='bbox 1288 3895 1395 3976; x_wconf 82' lang='grc' dir='ltr'><em>ὥσπερ</em></span> <span class='ocrx_word' id='word_1_223' title='bbox 1418 3895 1506 3959; x_wconf 74' lang='grc' dir='ltr'><em>θεῶν</em></span> 
     </span>
     <span class='ocr_line' id='line_1_28' title="bbox 342 4016 1505 4104; baseline -0.003 -23"><span class='ocrx_word' id='word_1_224' title='bbox 342 4020 522 4100; x_wconf 77' lang='grc' dir='ltr'><em>ἱεροφάνται</em></span> <span class='ocrx_word' id='word_1_225' title='bbox 538 4019 591 4081; x_wconf 85' lang='grc' dir='ltr'>καὶ</span> <span class='ocrx_word' id='word_1_226' title='bbox 610 4019 761 4101; x_wconf 79' lang='grc' dir='ltr'><em>δᾳδοῦχοι</em></span> <span class='ocrx_word' id='word_1_227' title='bbox 778 4026 832 4100; x_wconf 83' lang='grc' dir='ltr'>τῆς</span> <span class='ocrx_word' id='word_1_228' title='bbox 849 4020 962 4100; x_wconf 77' lang='grc' dir='ltr'><em>σοφίας</em></span> <span class='ocrx_word' id='word_1_229' title='bbox 980 4019 1073 4089; x_wconf 81' lang='grc' dir='ltr'><em>ὄντες,</em></span> <span class='ocrx_word' id='word_1_230' title='bbox 1092 4018 1211 4098; x_wconf 84' lang='grc' dir='ltr'><em>ὅσοιπέρ</em></span> <span class='ocrx_word' id='word_1_231' title='bbox 1229 4017 1308 4078; x_wconf 81' lang='grc' dir='ltr'><em>ἐστιν</em></span> <span class='ocrx_word' id='word_1_232' title='bbox 1325 4016 1505 4104; x_wconf 73' lang='grc' dir='ltr'><em>ε’νδννατῴ,</em></span> 
     </span>
    </p>
   </div>
   <div class='ocr_carea' id='block_1_7' title="bbox 340 4140 1146 4222">
    <p class='ocr_par' dir='ltr' id='par_1_13' title="bbox 340 4140 1146 4222">
     <span class='ocr_line' id='line_1_29' title="bbox 340 4140 1146 4222; baseline -0.001 -21"><span class='ocrx_word' id='word_1_233' title='bbox 340 4147 434 4202; x_wconf 85' lang='grc' dir='ltr'><em>ταῦτα</em></span> <span class='ocrx_word' id='word_1_234' title='bbox 457 4140 620 4221; x_wconf 73' lang='grc' dir='ltr'><em>μιμεῖσθαι</em></span> <span class='ocrx_word' id='word_1_235' title='bbox 642 4141 696 4202; x_wconf 85' lang='grc' dir='ltr'>καὶ</span> <span class='ocrx_word' id='word_1_236' title='bbox 717 4141 900 4222; x_wconf 80' lang='grc' dir='ltr'><em>περικνίζειν</em></span> <span class='ocrx_word' id='word_1_237' title='bbox 923 4141 1146 4221; x_wconf 78' lang='grc' dir='ltr'><em>ἐπιχειροῦμεν.</em></span> 
     </span>
    </p>
   </div>
   <div class='ocr_carea' id='block_1_8' title="bbox 360 4427 862 4499">
    <p class='ocr_par' dir='ltr' id='par_1_14' title="bbox 360 4427 862 4499">
     <span class='ocr_line' id='line_1_30' title="bbox 360 4427 862 4499; baseline 0 -19"><span class='ocrx_word' id='word_1_238' title='bbox 360 4428 390 4495; x_wconf 83' lang='lat'>·¹)</span> <span class='ocrx_word' id='word_1_239' title='bbox 411 4428 470 4481; x_wconf 81' lang='grc' dir='ltr'><em>εἶτα</em></span> <span class='ocrx_word' id='word_1_240' title='bbox 492 4450 519 4499; x_wconf 84' lang='grc' dir='ltr'>γε</span> <span class='ocrx_word' id='word_1_241' title='bbox 539 4429 596 4498; x_wconf 78' lang='grc' dir='ltr'><em>μήν</em></span> <span class='ocrx_word' id='word_1_242' title='bbox 612 4427 784 4484; x_wconf 55' lang='lat' dir='ltr'>¹a&#39;vrsuuuois</span> <span class='ocrx_word' id='word_1_243' title='bbox 805 4428 862 4481; x_wconf 84' lang='grc' dir='ltr'><em>κτλ.</em></span> 
     </span>
    </p>
   </div>
   <div class='ocr_carea' id='block_1_9' title="bbox 0 0 1646 5146">
    <p class='ocr_par' dir='ltr' id='par_1_15' title="bbox 0 0 1646 5146">
     <span class='ocr_line' id='line_1_31' title="bbox 0 0 1646 5146; baseline 0 1"><span class='ocrx_word' id='word_1_244' title='bbox 0 0 1646 5146; x_wconf 95' lang='lat' dir='ltr'> </span> 
     </span>
    </p>
   </div>
  </div>
 </body>
</html>
