3306 5144
906 483 947 546 82

433 677 487 744 Sic
516 697 631 742 omnes
654 675 731 741 libri
752 675 897 741 melioris
919 680 1017 752 notae,
1047 673 1113 738 nisi
1135 671 1226 757 quod
1247 671 1284 736 in
1307 672 1513 756 quibusdam
1579 651 1588 671 '¹

348 820 417 864 non
450 797 570 862 diserte
609 797 791 862 nominatis
824 796 1027 861 omittuntur
1058 793 1222 860 vocabula
1254 794 1308 856 καὶ
1340 796 1514 880 καλλίστην.

347 919 548 986 Duebnerus
566 918 746 984 editionem
759 917 920 982 Aldinam
936 923 970 981 et
985 914 1211 981 Basileensem
1229 921 1362 980 secutus
1380 918 1515 1003 scripsit

347 1042 485 1125 τρόμους
507 1042 641 1122 ἔχοντος,
670 1039 786 1119 fretus,
816 1045 855 1104 ut
882 1039 1011 1124 opinor,
1040 1037 1237 1103 auctoritate
1266 1037 1346 1101 satis
1374 1038 1512 1105 ineerta.

348 1161 469 1228 Fateor
497 1182 552 1226 me
579 1161 616 1225 in
643 1161 819 1246 postremis
847 1159 958 1225 verbis
988 1159 1054 1243 (τοῦ
1076 1160 1512 1244 πνεύματος-λαμβάνοντος)

347 1285 484 1361 haerere,
519 1303 629 1366 neque
651 1283 688 1346 in
708 1282 772 1346 hac
795 1280 999 1360 difficultate,
1029 1287 1196 1365 quantum
1218 1279 1325 1358 vitice,
1349 1281 1391 1346 ab
1414 1282 1515 1347 inter·

349 1404 499 1490 pratibus
531 1403 741 1470 adiuvamur.
819 1402 854 1467 si
895 1401 1017 1467 tradita
1057 1402 1221 1487 scriptura
1252 1401 1384 1486 integra
1416 1411 1513 1482 esset,

349 1525 522 1612 angustias
545 1525 682 1610 spiritus
705 1523 874 1590 deiectum
890 1523 1088 1588 incrementi
1104 1522 1254 1588 attulisse
1271 1522 1424 1588 finxisset
1439 1524 1516 1590 Plu-

350 1647 495 1724 tarchus‚
525 1646 579 1711 cui
608 1646 667 1712 vix
694 1644 827 1710 arbores
855 1645 1012 1730 spiritum
1039 1644 1159 1709 ducere
1180 1644 1217 1708 in
1239 1651 1388 1709 mentem
1410 1647 1514 1725 venit,

350 1790 430 1834 nam
463 1767 628 1852 angustiae
662 1767 808 1852 spiritus,
844 1787 921 1851 quea
953 1765 1054 1852 paulo
1087 1773 1164 1831 ante
1197 1775 1514 1847 commemorantur,

350 1889 428 1974 (οἷον
465 1891 516 1952 ὑπ’
548 1888 984 1971 ἄσθματος-ἀπαγορεύουσα)
1011 1887 1191 1953 manifesto
1218 1909 1238 1952 a
1261 1888 1510 1973 comparatione

350 2010 535 2088 arundinis,
565 2009 714 2094 primum
744 2008 893 2073 celeriter
920 2029 991 2073 sese
1012 2009 1049 2073 in
1071 2008 1178 2073 altum
1200 2009 1366 2093 erigentia,
1390 2009 1513 2076 deinde

351 2131 514 2218 paulatim
549 2130 741 2209 deficientis,
776 2151 852 2197 cum
886 2129 1025 2197 homine
1057 2130 1155 2195 celeri
1188 2150 1288 2195 cursu
1321 2132 1514 2198 exanimato

351 2252 522 2319 translatae
550 2250 671 2336 sunt1)
720 2251 798 2316 Huc
828 2251 964 2329 accedit,
988 2251 1079 2336 quod
1105 2251 1249 2316 absurde
1277 2258 1318 2330 et,
1347 2260 1517 2337 quantum

352 2376 428 2454 scio,
466 2375 537 2439 sine
573 2373 725 2458 exemplo
768 2373 904 2458 spiritus
938 2373 1059 2456 πληγάς
1091 2375 1144 2438 καὶ
1177 2375 1316 2456 τρόμους
1344 2374 1515 2457 λαμβάνειν

352 2495 515 2580 dieitura)
569 2494 687 2579 Itaque
709 2515 779 2558 non
802 2493 928 2572 dubito,
952 2495 1036 2578 quin
1057 2494 1263 2559 interciderit
1284 2494 1412 2580 aliquid
1434 2505 1514 2561 ante

350 2625 405 2682 τοῦ
433 2618 610 2699 πνεύματος
638 2616 674 2680 in
695 2615 784 2680 hano
805 2615 874 2680 iere
897 2615 1113 2680 sententiam:
1148 2623 1219 2680 »τοῦ
1242 2618 1403 2700 στελέχους
1424 2619 1507 2681 ono«

350 2745 405 2802 τοῦ
427 2739 605 2820 πνεύματος
636 2737 757 2819 πληγάς
778 2737 832 2800 καὶ
860 2737 998 2820 τρόμους
1019 2739 1244 2820 λαμβάνοντος,
1273 2738 1294 2802 i.
1319 2759 1345 2803 e,
1372 2738 1512 2818 ‘arundo

353 2880 496 2945 superne
534 2858 656 2923 crebris
684 2858 781 2923 nodis
810 2859 1021 2944 intercipitur
1047 2859 1160 2942 vigore
1190 2858 1302 2943 stirpis
1332 2858 1518 2939 deminuto,

352 2982 477 3065 quippe
500 3001 578 3065 quae
601 2979 733 3044 assidue
756 2986 857 3045 vento
878 2980 1018 3044 ferietur
1040 2985 1072 3044 et
1094 2980 1323 3045 concutiatur.

346 3270 383 3335 p.
409 3247 482 3315 771>
506 3248 594 3333 (cop.
619 3248 642 3314 I
648 3248 700 3330 V).

436 3379 482 3452 τῷ
521 3367 625 3432 ὁάὖτε
662 3367 758 3449 πτερὰ
798 3370 900 3448 γένετο
939 3368 976 3432 δι’
1017 3370 1172 3451 ὠφέλειαν
1206 3371 1428 3454 διαφερομένῳ
1462 3373 1517 3435 καὶ

354 3493 551 3557 διακόπτοντι
582 3489 637 3559 τὰς
667 3490 841 3571 προφάσεις
870 3489 977 3572 ὥσπερ
1008 3492 1103 3574 ὄχλον
1130 3493 1282 3574 ἐμποδὼν
1315 3495 1389 3556 ὄντα
1419 3495 1515 3577 ῥώμῃ

352 3615 406 3677 καὶ
426 3614 592 3697 προθυμίᾳ
613 3619 667 3695 τῆς
690 3612 838 3680 ἀνύσεως.

437 3734 537 3799 Initio
551 3733 710 3799 orationis
723 3732 871 3818 positum
883 3739 933 3796 est
943 3733 1171 3817 fragmentum
1182 3735 1516 3819 versusHOmerici³)‚

390 4023 412 4090 ¹)
433 4027 492 4082 Vid.
517 4027 600 4081 etiam
626 4030 687 4094 loci,
713 4043 782 4096 quos
807 4028 900 4082 citarit
921 4027 1148 4097 Wyttenbaohius
1170 4029 1199 4081 in
1224 4029 1516 4085 animadversionibus

433 4115 469 4168 ad
488 4115 556 4168 Plut.
576 4116 642 4170 Mor.
664 4115 724 4169 761.

390 4197 412 4267 ²)
430 4202 659 4270 Wyttenbachius
686 4204 715 4256 in
733 4204 822 4258 lexico
843 4221 864 4258 s.
884 4219 910 4256 v.
928 4197 1017 4269 πληγή
1038 4204 1102 4257 citat
1120 4204 1187 4257 Mor.
1206 4202 1296 4272 879e;
1316 4206 1435 4261 scribere
1454 4207 1516 4260 sine

442 4290 525 4344 dubio
538 4291 625 4344 voluit
635 4289 688 4344 978
698 4291 709 4344 f
712 4306 719 4357 3
737 4292 776 4345 ibi
790 4295 881 4345 eutem
892 4285 1045 4355 πνεύματος
1055 4285 1175 4353 πλῆθος,
1194 4309 1251 4346 non
1260 4287 1414 4358 πνεέματοι
1424 4291 1516 4362 πληγή

433 4383 530 4432 exstat.

390 4462 411 4528 ἰ
432 4465 470 4522 cr
489 4467 599 4521 Homer.
612 4450 649 4520 n.
670 4467 738 4528 xix,
757 4464 816 4518 aee.

507 4930 766 4981 ,m

384 4986 503 5110 A
