3282 5146
888 463 929 526 42

319 651 537 716 manifestum
559 652 682 718 vitium
702 673 819 718 omnes
841 653 982 720 editores
1004 662 1037 720 et
1059 655 1189 720 criticos
1207 655 1344 735 falleret,
1367 658 1488 724 miror.

313 771 462 854 rScilicet,
496 794 575 838 cum
596 773 883 858 inpraefatione1)
915 774 1068 841 Marcum
1097 776 1259 842 Sedatum
1290 777 1491 864 alloquatur

318 895 529 972 Plutarchus,
560 894 662 959 etiam
691 901 804 962 nostro
833 896 905 962 loco
932 904 967 962 et
992 897 1129 982 reliquis
1155 898 1257 963 huius
1278 898 1390 977 libelli,
1422 899 1490 964 ubi

318 1015 412 1082 nullo
434 1015 549 1081 addito
570 1016 707 1082 nominc
729 1025 858 1083 certum
879 1018 1051 1102 quendam
1071 1020 1196 1084 affatur
1217 1019 1310 1086 velut
1326 1042 1357 1106 p.
1376 1022 1489 1106 200²)

264 1203 267 1210 Ι
320 1143 354 1202 et
375 1141 415 1204 27
427 1137 483 1221 ft),
506 1137 651 1202 eundem
673 1138 785 1204 virum
806 1139 844 1204 in
864 1140 978 1204 animo
994 1139 1104 1206 habet.
1139 1140 1362 1208 Scribendum
1377 1142 1489 1226 igitur

319 1279 389 1324 una
431 1258 542 1323 littera
580 1258 708 1324 addita:
732 1261 1009 1344 ἀντιπαραθήσεις
1040 1263 1140 1326 πολλὰ
1172 1268 1236 1326 τῶν
1262 1263 1486 1346 Σοφοκλέους,

318 1398 346 1444 o:
370 1401 538 1465 opponere
559 1381 717 1465 poteris
739 1381 846 1446 multa
865 1381 1063 1468 Sophoclea;
1087 1404 1194 1470 comp.
1207 1385 1355 1469 Kriigeri
1366 1384 1486 1451 Gram.

320 1501 376 1566 Gr.
398 1500 421 1586 ξ
442 1505 493 1580 53,
513 1504 542 1579 7,
561 1505 591 1568 3.
625 1501 711 1567 Add.
735 1503 896 1588 exemplis
918 1503 961 1568 ab
983 1526 1022 1570 eo
1043 1505 1188 1571 laudatis
1210 1507 1365 1592 Xenoph.
1388 1505 1481 1572 Hell.

315 1622 358 1701 H,
384 1627 411 1701 1,
435 1627 476 1690 25
498 1626 726 1708 νανμαχήοετε;
757 1625 924 1690 Plutarch.
949 1626 1125 1703 Quomodo
1148 1628 1224 1712 quis
1246 1649 1270 1692 s
1294 1628 1331 1692 in
1353 1629 1427 1694 virt.
1452 1649 1481 1694 s.

317 1745 401 1829 prol.
425 1727 537 1830 capsl
558 1745 600 1830 (p.
625 1745 709 1829 inb)
732 1749 833 1811 σώσει.

313 2007 347 2071 p.
370 1987 448 2054 2412
468 1986 556 2072 (cup.
589 1988 660 2070 VI).

400 2110 447 2179 ὡς
473 2109 543 2191 περὶ
568 2117 622 2192 τῆς
649 2111 744 2193 τύχης
770 2115 790 2194 ἢ
813 2118 867 2194 τῆς
889 2114 1079 2196 εἱμαρμένης
1100 2114 1288 2195 λεγομένων,
1316 2114 1350 2176 ἒν
1371 2112 1420 2182 αἷς
1442 2113 1478 2175 τὸ

314 2231 534 2313 ἀσυλλόγιστον
557 2233 632 2314 ἡμῖν
659 2239 713 2315 τῆς
740 2234 837 2303 αἰτίας
863 2234 916 2297 καὶ
944 2235 1028 2305 ὅλως
1055 2235 1093 2298 οὗ
1121 2235 1195 2298 καθ’
1220 2236 1313 2317 ἡμᾶς.
1336 2235 1418 2298 ὅπου
1442 2234 1478 2298 δὲ

313 2351 349 2416 τὸ
383 2360 546 2435 προσῆκον
574 2354 628 2417 καί
656 2354 736 2416 κατὰ
765 2355 860 2436 λόγον
888 2355 941 2417 καὶ
970 2356 1054 2426 εἰκός
1081 2357 1168 2430 ἔστιν,
1198 2357 1334 2420 ἐνθαῦτα
1356 2356 1479 2436 κυρίως

314 2474 529 2557 ὀνομάζεσθαι
566 2473 620 2538 τὸν
652 2474 730 2539 θεὸν
762 2478 943 2558 νομίζωμεν
981 2475 1039 2559 (sic
1071 2477 1350 2562 Wyttenbachius
1388 2482 1478 2541 recte

313 2593 530 2660 scribendum
538 2598 902 2681 censetprorops'copsv,
915 2597 1050 2681 quodin
1058 2597 1214 2663 omnibus
1223 2597 1393 2664 codicibus
1405 2598 1475 2682 est).

398 2717 628 2783 Vulcobianus
649 2716 752 2783 habet
773 2720 806 2782 ἓν
828 2719 888 2797 οίς;
912 2719 1083 2784 Herchero
1104 2726 1187 2785 teste
1209 2721 1245 2786 in
1261 2719 1346 2784 libro
1363 2719 1477 2784 nescio

312 2838 414 2923 quot)
437 2846 512 2925 post
527 2847 582 2922 τῆς
598 2842 694 2910 αἰτίας
711 2847 819 2905 exstat
835 2843 1042 2924 συμβαίνεται,
1065 2841 1156 2926 quod
1168 2862 1375 2926 quamquam
1387 2847 1477 2906 certe

313 2960 467 3047 ineptum
493 2961 764 3046 interpolatorem
786 2962 905 3046 arguit,
931 2963 1049 3048 spretis
1082 2963 1287 3048 reliquorum
1320 2961 1477 3027 codicum

312 3082 522 3160 testimoniis,
566 3083 708 3167 vestigia
746 3084 903 3167 genuinae
940 3085 1113 3170 scripturae
1145 3106 1277 3150 servare
1313 3092 1405 3150 ratus
1438 3085 1478 3150 in

311 3203 546 3283 οννεκφαίνεται
575 3205 734 3282 mutavit;
768 3211 928 3288 praeterea
957 3211 1034 3270 ante
1057 3207 1140 3276 ὅλως
1169 3206 1348 3271 articulum
1377 3207 1478 3272 inter-

312 3323 433 3407 posuit.
484 3323 702 3409 Quamquam
718 3324 948 3390 Vulcobianus
970 3348 1040 3392 non
1061 3327 1245 3393 admodum
1263 3327 1328 3393 fide
1351 3327 1476 3412 dignus

311 3451 370 3524 est,
401 3466 480 3510 cum
507 3467 595 3531 saepe
624 3447 663 3512 in
683 3467 721 3511 eo
744 3446 913 3531 scriptoris
935 3447 1038 3514 verba
1059 3449 1196 3515 licenter
1218 3456 1374 3535 corrupta
1395 3450 1473 3529 sint,

340 3730 361 3796 ¹)
383 3733 421 3789 Cf.
451 3751 476 3802 p.
502 3735 535 3788 14
559 3737 590 3792 d:
624 3729 661 3786 Εἰ
681 3739 742 3802 μέν,
766 3732 799 3788 οἷς
827 3730 977 3796 Φιλόξενος
1004 3733 1019 3788 ὁ
1047 3732 1162 3801 ποιητήν
1191 3733 1294 3804 ἔλεγεν,
1324 3731 1345 3788 ὦ
1373 3733 1474 3804 Μάρκε

381 3815 488 3887 Σήδατε
507 3820 565 3873 ντί,

340 3907 360 3970 ²)
381 3909 476 3978 Comp.
496 3927 523 3964 n.
542 3927 606 3966 mea
625 3929 711 3980 supra
729 3929 756 3981 p.
776 3911 834 3966 142.

340 3992 359 4060 ²)
379 3990 440 4062 ὁρᾷα
461 3989 504 4046 ὅτι
523 3993 582 4047 κτλ.

338 4082 360 4150 ⁴)
379 4087 509 4141 Fortasse
527 4085 573 4139 hic
590 4086 661 4140 liber
677 4086 751 4141 idem
770 4091 811 4142 est
830 4091 912 4155 atque
930 4087 963 4150 is,
983 4088 1061 4142 cuius
1080 4086 1241 4144 auctoritate
1257 4088 1341 4145 fretus
1356 4091 1473 4146 Bernar-

380 4174 461 4230 dakis
487 4175 517 4227 in
545 4173 663 4228 editione
685 4170 731 4239 τῆς
756 4169 845 4227 αἰτίαν
869 4175 1033 4239 σημαίνεται
1057 4175 1176 4243 scripsit,
1204 4177 1277 4244 quod
1300 4193 1472 4246 quamquam

381 4264 517 4331 aptiorem
543 4277 655 4316 sensum
678 4261 764 4317 hahet
788 4279 872 4331 quarn
897 4263 965 4317 illud
985 4263 1110 4326 alterum,
1138 4279 1195 4318 non
1214 4265 1303 4332 magis
1321 4267 1471 4333 genuinum

344 4332 348 4342 ¹
381 4366 442 4404 esse
470 4349 564 4413 credo;
592 4348 765 4404 desideratur
791 4351 864 4404 enim
889 4351 944 4405 hoc
966 4349 1051 4404 verbo
1068 4350 1231 4419 interposito
1249 4369 1320 4420 aegre
1339 4354 1471 4410 articulus

380 4440 445 4491 ante
463 4428 539 4489 tiles.
