3306 5144
888 445 948 508 130

323 636 363 700 de
397 636 489 702 victu
523 636 655 715 dantur,
690 638 718 701 si
747 637 919 722 superiora
953 635 1011 701 illa
1039 643 1206 722 praecepta
1233 636 1274 701 de
1303 635 1492 721 cupiditate

323 757 505 824 coercenda
537 758 670 822 nullum
702 757 849 822 habeant
882 758 1048 823 effectum.
1105 758 1234 822 Verum
1267 758 1295 822 si
1327 756 1490 826 traditam

323 879 496 964 sequimur
530 880 739 964 scripturam,
779 879 849 944 sive
878 880 950 944 vim
975 879 1103 944 habent
1130 887 1297 965 praecepta
1326 878 1382 942 illa
1415 878 1490 942 sive

323 1023 401 1080 non,
430 1001 577 1066 consiliis
606 1001 703 1066 novis
732 1021 816 1086 opus
845 1008 903 1066 est.
959 1001 1040 1065 Eius
1070 999 1162 1064 modi
1184 1021 1283 1085 nugae
1305 999 1491 1064 Plutarcho

325 1143 394 1187 non
415 1121 602 1187 tribuendae
623 1128 713 1187 sunt.

321 1654 357 1718 p.
382 1633 445 1700 131
460 1632 545 1700 d-c
566 1633 654 1718 (cop.
679 1632 841 1714 XVIII).

410 1756 449 1818 ἂν
483 1755 620 1836 δ’ὥσπερ
656 1755 691 1818 ἐκ
720 1754 847 1836 δεσμῶν
875 1753 1024 1836 λελυμένῃ
1054 1753 1191 1836 χαλεπὸν
1217 1753 1239 1836 ᾖ
1268 1755 1407 1836 χρῆσθαι
1437 1754 1497 1816 καὶ

327 1877 510 1958 φιλονεικεῖν
538 1875 619 1958 πρὸς
647 1877 779 1958 γαστέρα
807 1873 873 1938 ὦτα
902 1875 947 1956 μὴ
978 1877 1113 1957 ἔχουσαν
1143 1925 1149 1936 ,
1173 1925 1178 1937 .
1204 1927 1209 1939 .
1240 1875 1496 1957 διαμηχανητέον

327 1998 390 2060 κτλ.

412 2117 453 2183 ln
474 2117 641 2202 plerisque
664 2116 756 2182 libris
779 2123 829 2182 est
850 2117 1009 2200 λελυμένη.
1050 2116 1246 2182 Meziriacus
1269 2124 1302 2181 et
1324 2117 1496 2195 Reiskius,

329 2221 407 2304 cum
436 2237 479 2303 ad
507 2238 707 2304 antecedens
736 2237 937 2304 vocabulum
966 2239 1082 2320 ὀρέξεις
1104 2238 1319 2324 participium
1341 2238 1497 2321 λελυμένῃ

329 2360 542 2426 referendum
565 2381 635 2425 esse
655 2381 757 2445 prave
775 2366 967 2437 statuerent,
990 2360 1169 2442 λελυμέναις
1186 2359 1402 2424 scribendum
1421 2381 1495 2424 esse

330 2489 541 2548 censuerunt.
604 2481 699 2545 Certe
732 2481 864 2558 iniuria,
904 2502 984 2544 narn
1016 2480 1081 2544 hoc
1113 2481 1194 2558 loco,
1235 2479 1293 2544 ubi
1326 2480 1367 2545 de
1400 2481 1496 2546 victu

330 2605 450 2688 agitur,
491 2624 612 2688 parurn
651 2609 728 2687 apte
766 2607 979 2686 comparatur
1017 2608 1134 2666 venter
1173 2601 1372 2667 insatiabilis
1413 2623 1496 2666 curn

331 2723 572 2811 cupiditatibus
605 2745 623 2788 e
655 2723 799 2790 vinculis
833 2722 958 2800 solutis,
992 2743 1070 2786 cum
1097 2730 1279 2808 utrumque
1308 2722 1398 2788 idem
1426 2724 1497 2788 iere

332 2846 504 2932 significet.
582 2844 681 2921 Quod
731 2867 810 2911 vero
859 2843 1138 2928 Wyttenbachius
1186 2851 1284 2929 putat
1336 2845 1498 2927 ,λελυμένη

332 2967 473 3051 intelligi
495 2988 591 3052 posse
611 2965 842 3032 subaudiendo
862 2968 971 3048 γαστρί
985 2986 1026 3030 ex
1044 2966 1216 3050 proximo',
1239 2966 1337 3050 quasi
1359 2966 1501 3031 omnino

334 3111 381 3167 ea,
426 3109 572 3172 quorum
610 3087 745 3154 vincula
782 3087 967 3165 solvuntur,
1013 3086 1179 3152 difficilius
1223 3108 1326 3172 quam
1369 3087 1503 3171 reliqua

334 3216 557 3287 coerceantur,
579 3209 638 3274 vix
655 3209 836 3293 quisquam
854 3209 884 3273 ei
906 3209 1113 3273 assentietur.
1158 3208 1375 3273 Desideratur
1392 3210 1502 3273 mani-

334 3333 418 3397 festo
440 3352 574 3410 nomen,
597 3330 641 3394 ad
661 3330 752 3414 quod
775 3351 855 3395 casu
877 3329 1167 3396 accommodatum
1190 3338 1260 3394 erat
1282 3330 1501 3416 participium

334 3455 494 3536 λελυμένη,
524 3459 566 3530 et,
597 3451 626 3516 si
653 3453 728 3536 quis
755 3458 880 3516 statuat
902 3452 948 3516 sic
972 3452 1134 3536 scriptum
1155 3452 1274 3516 luisse:
1298 3454 1337 3515 ἂν
1360 3452 1503 3534 δ’ὥσπερ

336 3577 371 3638 ἐκ
405 3576 532 3660 δεσμῶν
564 3574 714 3656 λελυμένῃ
747 3575 825 3657 δηρὶ
858 3574 995 3656 χαλεπὸν
1021 3572 1043 3656 ᾖ
1075 3574 1213 3655 χρῆσθαι
1240 3574 1319 3652 κτλ,
1353 3572 1373 3638 i.
1403 3594 1429 3637 e.
1465 3574 1507 3653 ,si

336 3702 462 3773 venter,
485 3703 648 3780 tanquam
671 3694 777 3760 bestia
798 3695 942 3762 vinculis
963 3693 1112 3772 liberata,
1141 3693 1308 3758 difficilius
1331 3700 1506 3759 coercetur

338 3818 419 3893 cet.¹,
442 3817 501 3880 vix
523 3824 616 3882 erret.
646 3855 688 3862 -
711 3817 746 3882 Si
775 3817 851 3901 quie
873 3815 915 3880 ob
938 3836 1044 3900 genus
1066 3815 1168 3880 huius
1190 3816 1336 3880 nominis
1359 3814 1504 3894 dubitet,

338 3938 374 4001 in
408 3938 606 4002 memoriam
635 3946 776 4017 revocet,
810 3936 1013 4003 vocabulum
1040 3938 1106 4019 δήρ
1135 3936 1315 4014 interdum,
1350 3957 1427 4000 curn
1458 3937 1507 4001 ad

339 4059 478 4124 nomina
504 4058 660 4122 feminini
688 4060 819 4144 generis
847 4059 1018 4135 referatur,
1053 4059 1165 4142 ipsum
1193 4057 1348 4123 feminini
1370 4059 1506 4142 generis

339 4201 426 4259 esse;
456 4180 495 4244 cl.
525 4178 658 4243 Aeliani
685 4180 725 4245 N.
756 4181 795 4245 Α.
827 4180 886 4257 VI,
919 4183 973 4256 24;
1004 4199 1110 4262 comp.
1141 4179 1242 4242 etiam
1268 4179 1355 4243 Plut.
1385 4178 1505 4244 Moral.

340 4325 370 4387 p.
386 4300 490 4368 143d:
513 4301 644 4383 μάλιστα
661 4302 717 4383 τὴν
731 4303 919 4383 Ἀφροδίτην
937 4299 1206 4380 παρακαλοῦντας,
1229 4300 1369 4402 ἰοτρδη
1384 4299 1511 4364 οὖσαν

339 4430 404 4487 τῶν
424 4425 574 4487 τοιούτων
596 4424 740 4504 dolemus
