3306 5144
724 471 783 533 137

553 663 586 724 Γ
581 664 679 746 αμικά
701 664 955 745 παραγγέλματα.

170 937 204 1001 p.
228 915 294 982 138
306 915 325 982 ὸ
345 914 599 999 (prooemium).

257 1040 290 1101 ἐν
317 1038 376 1120 μὲν
399 1037 458 1118 γὰρ
480 1043 544 1106 τοῖς
563 1043 728 1118 μουσικοῖς
750 1037 803 1100 ἕνα
825 1041 889 1099 τῶν
912 1036 1088 1118 αὐλητικῶν
1110 1038 1220 1120 νόμων
1242 1037 1334 1099 ἱππό-

175 1161 275 1242 θορον
313 1159 455 1230 ἐκάλουν,
495 1158 591 1240 μέλος
622 1183 648 1221 τι
680 1165 743 1228 τοῖς
774 1159 880 1229 ἵπποις
912 1161 1015 1242 ὁρμῆς
1047 1158 1250 1240 ἐπεγερτικὸν,
1289 1159 1336 1228 ὡς

175 1285 282 1354 ἔοικεν,
305 1281 463 1344 ἐνδιδόντα
485 1281 557 1361 περὶ
578 1281 632 1350 τὰς
654 1281 765 1362 ὀχείας.

259 1403 313 1468 Sic
336 1423 438 1486 prave
461 1401 604 1480 codices;
640 1401 795 1466 Reiskius
817 1403 898 1484 πρὸς
919 1403 974 1472 τὰς
996 1403 1099 1485 ὀχείας
1121 1400 1335 1467 scribendum

176 1545 244 1588 csse
277 1524 417 1600 censuit,
452 1522 543 1607 quod
576 1545 696 1607 parum
731 1522 903 1607 probabile
937 1531 995 1600 est,
1040 1524 1225 1608 praesertim
1258 1544 1336 1586 cum

176 1647 279 1710 lenior
302 1645 459 1709 correctio
483 1645 640 1722 sufficiat;
663 1645 928 1730 interponendus
951 1646 1042 1709 enim
1059 1646 1146 1709 inter
1165 1645 1336 1708 ἐνδιδόντα

176 1776 208 1831 ct
238 1769 311 1849 περί
341 1765 502 1830 articulus
534 1768 580 1843 τό,
615 1766 674 1850 qni
702 1765 744 1830 cb
776 1767 919 1830 similem
948 1767 1218 1831 terminationem
1248 1773 1338 1830 ante-

176 1888 322 1952 cedentis
350 1887 517 1972 participii
546 1887 642 1951 facile
670 1888 779 1952 omitti
808 1889 924 1972 potuit.
981 1887 1203 1953 Scribendum
1235 1887 1338 1970 igitur

176 2011 333 2073 ἐνδιδόντα
355 2010 391 2071 τὰ
414 2010 484 2090 περὶ
506 2009 560 2078 τὰς
582 2010 693 2091 ὀχείας.
750 2009 873 2073 Tctum
904 2011 1118 2074 enuntiatum
1149 2011 1195 2073 sic
1218 2009 1336 2072 Latine

176 2134 386 2216 interpretor:
424 2151 512 2210 ,nam
541 2131 577 2193 in
600 2131 728 2194 musica
751 2153 859 2194 unum
883 2152 924 2194 ex
952 2131 992 2194 iis
1014 2130 1132 2208 modis,
1166 2131 1226 2214 qui
1255 2131 1338 2194 tibia

176 2259 352 2330 canuntur,
374 2252 616 2336 hippothcrum
635 2251 859 2336 appellabant,
883 2251 973 2336 quod
986 2252 1162 2316 stimulans
1175 2249 1338 2335 quiddam

176 2376 269 2459 equis
299 2372 342 2438 ad
370 2374 496 2438 coitum
525 2393 643 2436 sonare
674 2373 853 2455 (ἐνδιδόναι)
883 2373 1052 2438 videretur
1084 2373 1162 2457 (scil.
1195 2371 1336 2455 modus)’

177 2498 290 2580 (lomp.
326 2495 366 2559 dc
400 2493 642 2578 significatione
670 2493 764 2559 verbi
792 2497 945 2558 ἐνδιδόναι
978 2495 1099 2558 Athen.
1132 2494 1208 2572 ΧΠ,
1243 2492 1338 2559 52οδ

176 2619 364 2681 ἐνέδοσαν
385 2625 449 2687 τοῖς
466 2619 571 2687 ἵπποις
592 2616 627 2680 τὸ
651 2616 836 2699 ὀρχηστικὸν
853 2618 989 2700 μέλος;
1013 2616 1098 2680 Plut.
1112 2614 1184 2680 Tib.
1199 2615 1337 2679 Gracch.

177 2761 245 2824 cap.
276 2740 336 2803 Hs
365 2739 420 2802 fin.
452 2741 488 2808 ὃς
517 2742 601 2820 ἔχων
630 2739 831 2821 φωναστικὸν
859 2738 1194 2820 ὄργανον-ἐνεδίδου
1223 2738 1339 2799 τόνον

175 2862 327 2943 μαλακόν.
376 2860 515 2924 Locutio
543 2860 739 2942 ἐπεγερτικὸν
767 2861 804 2922 τὰ
831 2861 920 2941 περὶ
947 2861 1001 2928 τὸς
1028 2861 1131 2942 ὀχείας
1153 2859 1237 2923 bene
1261 2879 1339 2922 cum

179 2981 311 3046 (licendi
348 3002 468 3065 genere
508 2981 679 3045 Plutarchi
716 2981 889 3059 convenit;
934 2982 974 3044 cf.
1009 2981 1123 3046 Moral.
1163 3002 1194 3064 p.
1229 2982 1338 3057 963a;

177 3103 290 3168 Pericl.
315 3123 385 3187 cap.
410 3103 476 3167 VII
497 3125 541 3166 m.
567 3102 615 3185 (τὸ
637 3103 708 3184 περὶ
729 3102 784 3184 τὴν
807 3103 946 3185 δίαιταν).

169 3487 205 3547 p.
230 3465 296 3530 140
296 3463 330 3551 s
346 3464 433 3548 (cap.
459 3465 555 3546 XX).

260 3587 337 3668 αὕτη
366 3587 468 3649 τοίνυν
497 3586 550 3648 καὶ
576 3588 749 3668 χρημάτων
777 3587 925 3649 κοινωνία
948 3588 1100 3668 προσήκει
1121 3585 1252 3666 μάλιστα
1274 3591 1338 3654 τοῖς

175 3714 328 3789 γαμοῦσιν
365 3709 407 3777 εἰς
438 3708 514 3788 μίαν
542 3708 650 3769 οὐσίαν
679 3710 779 3770 πάντα
807 3709 1051 3790 καταχεαμένοις
1080 3707 1133 3770 καὶ
1161 3707 1336 3787 ἀναμίξασι,

173 3828 218 3910 μὴ
241 3827 276 3891 τὸ
298 3829 397 3910 μέρος
419 3827 497 3890 ἴδιον
519 3829 581 3891 κτλ.

259 3949 382 4033 Aptius
417 3949 541 4030 τοιαύτη
571 3949 674 4012 τοίνυν
703 3952 852 4013 κοινωνία
881 3950 1065 4034 scripsisset
1093 3949 1336 4034 Plutarchus¹)‚

175 4095 253 4138 cum
270 4094 340 4136 ncn
358 4071 398 4135 de
416 4069 534 4135 eadem
550 4091 585 4133 re
604 4070 661 4134 sed
680 4069 720 4133 de
738 4071 804 4135 alia
821 4079 853 4134 et
872 4071 945 4155 ipsa
962 4071 1145 4155 coniugum
1164 4073 1337 4136 communi

1033 4251 1253 4258 -.-----.
1275 4251 1335 4257 .—-

209 4375 231 4438 1)
250 4379 291 4432 lta
310 4375 493 4442 Stegmannus
512 4382 580 4431 teste
599 4377 768 4431 Bernardaki
796 4379 972 4432 scribendum
1000 4397 1061 4436 esse
1088 4383 1187 4435 censet.
1206 4377 1335 4431 Reiskius

250 4458 333 4534 ταίτγ,
353 4469 401 4518 aut
420 4457 487 4514 οὕτω
506 4466 602 4519 eodem
622 4482 706 4520 sensu
725 4467 887 4521 coniecerat.
