3282 5146
758 449 760 454 '
836 439 856 502 8

263 627 488 696 stantissimus
518 629 672 695 omnium
694 616 727 694 et
749 649 769 694 a
791 627 971 695 Duebnero
993 629 1118 694 iniuria
1139 629 1177 693 in
1200 629 1428 714 suspicionem

262 757 402 818 vocatus
431 771 502 816 esse
531 749 673 817 videtur.
685 748 709 834 1)
766 731 900 815 Horum
940 771 1050 835 neque
1079 749 1280 824 Duebnerus
1317 769 1428 834 neque

121 855 123 864 ¹
231 956 234 961 .
262 863 456 958 Hercherus
468 871 651 936 sententias
663 871 870 955 argumentis
882 871 1069 949 firmarunt,
1078 870 1302 936 Bernardakis
1314 877 1429 936 autem
1534 859 1538 865 ’

263 973 508 1080 percommode,
526 999 565 1056 ut
581 990 738 1076 probaret
754 992 949 1076 opinionem
965 1013 1072 1070 suam,
1089 1013 1160 1058 non
1177 997 1307 1057 exstare
1324 991 1429 1056 ullam

264 1116 425 1201 paginam
441 1114 478 1179 in
495 1134 563 1199 qua
580 1113 684 1178 lector
700 1118 848 1178 attentus
867 1119 899 1178 et
909 1113 974 1178 hoc
985 1133 1098 1198 agene,
1116 1119 1284 1198 quantum
1294 1112 1430 1190 valeret,

264 1257 334 1302 non
352 1235 567 1320 intellegeret,
591 1233 758 1300 delectum
775 1234 1020 1319 scripturarum
1035 1235 1106 1299 eius
1119 1233 1382 1319 discrepantium
1393 1234 1430 1300 in

265 1357 461 1443 praefatione
490 1377 521 1442 p.
548 1359 671 1424 19—42
698 1355 826 1442 publici
852 1356 933 1420 iecit
954 1355 1051 1434 iuris;
1082 1356 1177 1420 cuius
1207 1354 1332 1420 auxilio
1361 1355 1431 1420 iam

266 1468 439 1563 aliquanto
456 1477 578 1542 certius
597 1476 638 1542 de
649 1475 832 1543 virtutibus
848 1482 881 1541 et
895 1476 986 1542 vitiis
998 1477 1069 1541 eius
1081 1475 1229 1541 iudicare
1240 1497 1430 1562 pessumus

265 1599 435 1684 Equidem
455 1595 568 1684 potius
590 1597 762 1663 Duebneri
783 1597 908 1662 iudicio
931 1597 1102 1676 assentior,
1126 1603 1160 1662 et
1180 1596 1274 1662 haud
1296 1597 1363 1663 scio
1386 1615 1431 1662 an

267 1721 369 1786 etiam
391 1721 428 1785 in
448 1720 490 1784 iis
512 1719 602 1798 locis,
630 1718 755 1804 quibus
783 1718 872 1784 solus
894 1719 1043 1803 genuina
1065 1739 1104 1784 ac
1125 1739 1206 1785 vera
1227 1716 1330 1783 verba
1352 1717 1431 1782 dare

267 1841 410 1919 videtur,
433 1840 645 1906 interdurn
666 1840 775 1924 magis
791 1839 945 1907 felicibus
964 1839 1163 1904 coniecturis
1180 1858 1284 1924 quarn
1300 1839 1435 1906 traditis.

269 1962 441 2047 scripturis
457 1961 640 2047 diligenter·
649 1961 788 2027 servatis
803 1961 951 2026 excellat.
987 1961 1082 2026 Certe
1103 1961 1193 2026 cauti
1211 1961 1359 2028 hominis
1371 1969 1430 2041 est,

269 2057 298 2150 si
315 2083 356 2149 de
370 2083 627 2168 interpolatione
639 2078 778 2162 constat,
795 2083 906 2168 potius
918 2083 955 2147 in
967 2081 1138 2148 Duebneri
1149 2089 1280 2168 partem
1295 2103 1434 2168 peccare

270 2225 374 2290 quam
396 2226 474 2270 cum
485 2203 693 2270 Bernardaki
713 2204 805 2269 hunc
827 2204 1041 2289 potissimum
1064 2204 1212 2270 codicem
1231 2203 1353 2269 ducem
1369 2203 1434 2270 sibi

270 2327 390 2412 eligere
407 2327 444 2391 in
460 2333 556 2391 textu
574 2324 817 2404 constituendo,
835 2326 1021 2410 praesertim
1038 2346 1117 2390 curn
1133 2347 1175 2391 ne
1187 2300 1433 2410 illumquidem
1518 2309 1520 2313 ⁸

269 2449 383 2514 virum
405 2447 637 2513 doctissimum
658 2446 791 2531 fugerit,
819 2445 945 2510 librum
966 2468 1036 2513 non
1057 2469 1193 2532 prorsus
1216 2447 1315 2532 culpa
1335 2447 1435 2512 inter-

271 2568 449 2655 polationis
481 2589 610 2636 vacare.
667 2566 732 2633 Sed
766 2588 844 2632 cum
871 2568 1074 2653 paucissima
1100 2569 1138 2633 in
1165 2589 1204 2635 eo
1226 2569 1309 2634 eius
1341 2567 1435 2633 modi

272 2689 467 2775 corruptela
490 2688 644 2774 exempla
666 2695 795 2754 exstare
822 2689 974 2769 affirmet,
1003 2711 1111 2776 operae
1134 2691 1281 2775 pretium
1302 2689 1436 2757 videtur

272 2811 509 2889 demonstrare,
533 2810 562 2874 si
583 2831 772 2896 possumus,
796 2832 865 2876 non
887 2813 981 2877 nulla
1003 2832 1044 2876 ex
1066 2811 1116 2890 iis,
1140 2832 1216 2896 quae
1233 2811 1437 2897 praestantiae

273 2933 457 3018 specimina
475 2931 574 2998 affert
589 2932 650 2999 vel
660 2932 696 2997 in
713 2937 845 2996 textum
861 2932 988 3017 recipit,
1007 2954 1043 2998 re
1055 2933 1243 2998 accuratius
1255 2932 1441 3000 deliberata.

271 3052 365 3118 haud
387 3052 499 3118 dubiae
520 3043 787 3138 interpolationis
809 3052 934 3117 indicia
956 3074 1125 3140 apparere.

356 3173 439 3256 Περὶ
458 3174 554 3257 τύχης
576 3195 603 3239 c.
625 3173 676 3241 IV
698 3195 729 3260 p.
754 3177 832 3240 99a
855 3172 925 3240 eod.
949 3173 980 3238 D
1002 3174 1075 3239 haec
1098 3173 1246 3240 exhibet:
1273 3176 1350 3240 ἀλλὰ
1372 3177 1437 3259 μὴν

154 3350 157 3356 .
273 3295 379 3359 καὶτὰ
397 3296 552 3359 τεκτόνων
569 3295 673 3377 δήπου
690 3297 858 3378 πράγματα
875 3297 1004 3379 δνητῶν
1021 3297 1089 3370 ἔστι,
1108 3295 1161 3359 καλ
1177 3296 1213 3359 τὰ
1225 3297 1437 3379 χαλποτύπων

273 3416 326 3479 καὶ
348 3416 533 3499 οἰκοδόμων
556 3415 609 3479 καὶ
632 3416 908 3498 ἀνδριαντοποιῶν,
931 3418 964 3481 ἕν
986 3417 1033 3488 οἷς
1055 3417 1148 3481 οὐδὲν
1165 3418 1352 3499 αὐτομάτως
1368 3419 1435 3481 οὐδ’
1468 3441 1469 3444 ’

274 3538 320 3608 ὡς
342 3540 429 3620 ἔτυχε
451 3537 712 3621 κατορθούμενον
737 3538 873 3621 ὁρῶμεν·
907 3539 1036 3622 ὅτιγὰρ
1065 3540 1217 3608 τούτοις
1239 3539 1371 3621 βραχεῖά
1395 3563 1439 3609 τις

273 3661 479 3741 παρεμπίπτει
501 3658 588 3742 τύχη,
611 3658 648 3721 ταὶ
672 3658 706 3721 δὲ
727 3659 851 3723 πλεῖστα
873 3660 927 3723 καὶ
942 3661 1070 3743 μέγιστα
1086 3665 1150 3724 τῶν
1168 3662 1271 3743 ἔργων
1288 3662 1321 3723 αἱ
1335 3662 1439 3743 τέχναι
1502 3697 1505 3704 ·

167 3837 170 3844 .
275 3779 451 3842 συντελοῦσι
479 3780 515 3843 δι’
542 3781 647 3843 αύτῶν
675 3779 728 3843 καλ
756 3778 849 3851 οὗτος
870 3782 1097 3864 ὑποδεδήλωκε
1119 3781 1181 3844 κτλ.
1228 3780 1269 3844 In
1301 3781 1439 3866 reliquis

274 3898 366 3964 idem
387 3899 479 3964 locus
497 3900 544 3963 sic
562 3898 732 3964 scribitur:
756 3902 1013 3985 ἀλλὰ-ὁρῶμεν·
1039 3901 1167 3985 ὅτιγὰρ
1189 3902 1321 3984 βραχεῖα
1345 3911 1440 3986 σοφῷ

274 4021 352 4104 τύχη
374 4021 580 4103 παρεμπίπτει
598 4024 788 4106 χαλκαιύπῳ
806 4048 838 4087 τε
856 4023 909 4086 καλ
928 3995 1102 4104 οἰκοδόμῳ,
1125 4021 1217 4086 τὰδὲ
1233 4025 1356 4088 πλεῖστα
1376 4025 1440 4088 κτλ.

276 4178 318 4188 -
339 4140 474 4206 Harum
503 4142 745 4229 scripturarum
773 4144 877 4210 altera
904 4164 984 4208 sane
1013 4143 1120 4208 facilis
1143 4149 1193 4209 est
1214 4145 1385 4211 intellectu
1408 4151 1441 4210 et

201 4468 204 4474 ,
306 4406 327 4474 ³)
349 4411 537 4469 Bernardakis
555 4414 633 4469 Praer.
653 4413 695 4470 ed·
714 4431 740 4483 p·
760 4414 826 4471 XVI.
