3306 5144
893 484 934 547 84

338 678 398 743 »ad
420 670 646 763 propositum«
672 663 778 740 fertur
796 695 979 759 omnesque
998 679 1228 740 excusationes
1246 676 1342 760 quasi
1359 675 1495 741 turbam

333 799 522 865 obstantem
544 797 694 863 dimovet
715 799 783 861 cet’

327 1128 364 1192 p.
390 1106 462 1172 78α
484 1105 573 1189 (cap.
606 1104 658 1187 V).

420 1227 494 1290 ὅταν
524 1224 581 1289 οὖν
609 1227 639 1288 αἱ
668 1229 801 1288 τοιοῦτοι
827 1223 1047 1306 κατασπασμοὶ
1076 1224 1225 1304 γένωνται
1261 1222 1306 1304 μὴ
1336 1223 1496 1296 πολλάκις,

334 1350 418 1412 αἵτε
446 1347 528 1430 πρὸς
557 1345 670 1416 αὐτοὺς
699 1347 869 1429 ἕξοιρήσεις
897 1345 950 1408 καὶ
980 1344 1186 1427 ἀνακρούσεις
1212 1350 1267 1406 τοῦ
1290 1346 1499 1428 φρονήματος

333 1471 441 1552 ὥσπερ
464 1471 499 1532 ἒκ
521 1475 639 1552 τροπῆς
659 1474 776 1549 ταχεῖαι
796 1472 923 1550 παρῶσι
944 1466 1006 1529 κτλ.

419 1590 543 1656 Utrum
565 1590 743 1672 ἒξαρνήσεις
759 1586 973 1652 scribendum
990 1587 1033 1651 sit
1049 1608 1093 1650 an
1116 1587 1254 1669 ε’ξάροεις
1271 1607 1316 1650 an
1338 1588 1500 1670 ἐξερείσεις

334 1733 380 1776 an
402 1713 575 1795 ἐξαιρέσεις,
610 1717 726 1774 utrum
747 1709 910 1794 Madvigii
920 1708 941 1792 ¹)
971 1729 1114 1773 acumen
1141 1728 1260 1773 verum
1286 1706 1501 1792 indagaverit

335 1854 380 1897 an
414 1830 597 1917 Emporiis
630 1853 674 1896 au
710 1829 905 1915 Hercheri3)
937 1852 982 1894 an
1014 1829 1261 1914 Wyttenbachii
1294 1834 1327 1894 et
1359 1830 1500 1895 Bernar-

335 1953 472 2037 dakis4),
495 1953 559 2017 hoc
581 1952 652 2018 loco
670 1975 739 2018 non
757 1951 1010 2018 diiudicaverim
1028 1972 1098 2035 ega,
1121 1951 1339 2035 nequeenim
1357 1972 1499 2036 possum

337 2065 406 2158 ¹has
429 2095 627 2161 componere
649 2073 742 2138 lites'.
794 2074 870 2138 Hoc
892 2079 1020 2138 certum
1043 2078 1100 2150 est,
1124 2070 1216 2136 aliud
1238 2073 1369 2151 vitium,
1403 2074 1499 2158 quod

296 2253 297 2256 η
334 2198 567 2264 emendatione
601 2195 692 2260 facili
724 2201 758 2259 et
784 2194 949 2280 probabili
976 2194 1047 2260 tolli
1074 2200 1191 2278 potest,
1225 2193 1336 2259 adhuc
1364 2195 1499 2261 criticos

333 2319 496 2384 fefellisse.
532 2316 707 2402 Xylander
724 2315 814 2400 (nam
832 2316 872 2381 de
890 2316 940 2394 iis,
959 2337 1034 2400 quae
1052 2314 1373 2400 Wyttenbachius5),
1397 2317 1499 2382 credo

333 2442 518 2525 Amyotum
541 2446 683 2515 secutus,
706 2438 770 2502 hoc
788 2419 860 2502 loco
877 2437 1015 2502 licenter
1033 2439 1068 2503 in
1086 2437 1359 2524 interpretatione
1374 2437 1500 2504 Latina

332 2562 454 2647 posuit,
488 2561 613 2645 quippe
642 2580 777 2644 prorsus
805 2559 968 2643 perversis
991 2565 1024 2623 et
1046 2581 1066 2624 a
1089 2560 1257 2644 scriptoris
1279 2558 1389 2625 verbis
1418 2560 1499 2644 plus

331 2685 420 2749 iusto
461 2680 726 2766 discrepantibus
767 2687 874 2745 tacere
913 2681 1017 2745 satius
1051 2680 1110 2766 est)
1148 2681 1207 2746 sed
1239 2680 1414 2765 Xylander
1449 2683 1499 2747 ita

332 2805 450 2869 Latine
480 2803 580 2869 vertit
614 2855 629 2883 ⁴.
661 2855 666 2866 .
698 2855 703 2866 .
733 2803 934 2886 animusque
962 2809 1125 2886 tanquam
1156 2801 1287 2888 efupa
1314 2802 1498 2869 adversum

333 2948 388 2991 eas
411 2947 481 2990 sese
505 2924 653 2989 celeriter
670 2923 816 2989 obiciens
834 2926 914 2989 cet'.
948 2923 992 2988 Et
1009 2924 1072 2988 hoc
1090 2924 1161 2989 sine
1179 2923 1281 2988 dubio
1298 2945 1498 3010 perversum

334 3054 392 3124 est,
424 3046 482 3111 sed
506 3047 628 3112 vitium
650 3046 793 3110 orationi
816 3045 949 3123 Graecae,
974 3067 1042 3110 non
1070 3046 1243 3131 interpreti
1265 3045 1497 3113 tribuendum.

321 3167 487 3232 'Ridicule
521 3168 611 3232 enim
644 3168 847 3252 comparatio
880 3188 898 3231 e
930 3168 1011 3251 fuga
1043 3169 1177 3253 petitur,
1211 3167 1308 3251 quasi
1339 3167 1497 3233 homines

313 3291 498 3374 fugientes
521 3288 669 3352 celeriter
690 3287 797 3353 redire
820 3287 955 3352 soleant.
1013 3288 1151 3373 Scripsit
1179 3295 1265 3361 certe
1292 3287 1497 3354 Plutarchus

332 3413 439 3494 ὥσπερ
468 3413 503 3474 ἐκ
532 3416 670 3491 στροφῆς
698 3415 814 3492 ταχεῖαι
840 3415 966 3491 παρῶσι
995 3411 1057 3473 κτλ.
1125 3409 1220 3495 Saepe
1251 3410 1288 3474 in
1321 3409 1496 3476 codicibus

332 3540 407 3617 post
429 3533 466 3594 K
482 3531 642 3597 excidisse
666 3534 707 3608 C,
730 3553 829 3596 nemo
852 3531 968 3596 doctus
991 3532 1115 3612 nescit..
1160 3531 1298 3607 Quoties
1320 3539 1434 3596 autern
1457 3533 1496 3597 in

332 3654 503 3719 vocabulis
516 3655 656 3735 στρέφειν
674 3659 706 3716 et
725 3655 845 3736 οιροφή
864 3674 973 3717 errore
992 3652 1105 3737 aliquo
1124 3676 1143 3716 σ
1159 3652 1346 3731 oblituerat‚
1365 3652 1495 3718 librarii

370 4037 389 4100 ¹)
410 4041 506 4107 Comp.
526 4041 639 4094 Advers.
659 4043 715 4094 crit.
734 4044 745 4096 I
764 4059 790 4110 p.
808 4041 868 4094 618.

370 4127 390 4190 ²)
410 4129 449 4183 Cf.
471 4127 612 4196 Opuscula
630 4128 671 4182 ed.
692 4129 885 4184 Schneidewin
903 4146 930 4197 p.
949 4127 1009 4180 324.

368 4213 389 4276 ³)
408 4215 467 4271 Vid.
487 4215 528 4269 ed.
548 4216 614 4270 eius.

369 4301 390 4365 ⁴)
411 4304 470 4360 Vid.
495 4303 631 4372 Symbola
655 4321 681 4371 p.
708 4303 756 4367 46;
785 4304 858 4358 idem
878 4298 1084 4366 (Bernardakis)
1106 4303 1136 4356 iu
1160 4303 1278 4357 editione
1300 4304 1336 4357 ab
1361 4305 1491 4360 Hercheri

411 4393 536 4462 partibus
556 4394 618 4446 stat.

369 4478 389 4540 ⁵)
409 4481 486 4534 Hunc
506 4480 628 4548 sequitur
646 4478 818 4534 Duebnerus.
