3306 5144
877 467 917 530 72

316 656 481 741 scriptura
509 663 559 722 est
586 657 708 723 codicis
736 657 776 734 D,
807 679 911 742 quarn
933 658 969 721 in
992 657 1194 722 editionibus
1217 658 1286 723 suis
1308 664 1405 734 recte,
1440 663 1480 721 ut

316 777 444 862 opinor,
468 778 573 844 secuti
596 785 675 842 sunt
696 778 888 844 Hercherus
911 786 944 844 et
960 778 1197 857 Bernardakis;
1221 799 1301 844 nam
1320 779 1478 863 quamvis

317 899 441 983 etipsa
460 906 616 984 corrupta
635 900 686 978 sit,
706 907 793 965 certe
816 901 967 985 proxime
986 900 1030 964 ad
1046 900 1230 984 genuinam
1249 905 1282 964 et
1300 899 1479 984 antiquam

317 1020 476 1085 orationis
498 1021 642 1085 formam
661 1020 804 1099 accedit;
827 1022 863 1085 in
880 1020 1037 1087 omnibus
1054 1021 1122 1086 iere
1140 1020 1276 1106 reliquis
1295 1022 1478 1084 ὑποτιθέναι

316 1149 355 1224 τῇ
370 1115 522 1224 κορωνίόι
537 1148 593 1204 τοῦ
611 1144 856 1225 συγγράμματος
876 1149 993 1220 exstat,
1017 1142 1108 1227 quod
1130 1163 1209 1207 cum
1226 1163 1327 1207 sensu
1344 1162 1480 1206 cassum

318 1283 388 1328 esse
410 1261 641 1347 intellegerent
662 1263 726 1328 viri
749 1262 847 1342 docti,
877 1263 1027 1348 plerique
1037 1263 1060 1346 1)
1082 1263 1176 1328 velut
1197 1263 1363 1341 Reiskius
1386 1263 1482 1348 Wyt

318 1383 525 1468 tenbachius,
549 1384 735 1450 Huttenius
757 1391 891 1450 auctore
909 1385 1056 1450 Henrico
1075 1385 1245 1470 Stephano
1268 1385 1314 1450 sic
1337 1384 1481 1449 scriben-

319 1504 401 1570 dum
423 1525 494 1570 esse
517 1512 734 1571 censuerunt:
763 1507 944 1569 ὑποτιθέναι
970 1513 1061 1570 τοῦτο
1090 1514 1128 1589 τῇ
1156 1513 1212 1570 τοῦ
1234 1508 1481 1588 συγγράμματος

317 1627 485 1709 κορωνίθι;
514 1647 624 1711 neque
646 1626 846 1691 Duebnerus
876 1626 1030 1692 dissentit
1058 1627 1124 1691 nisi
1151 1627 1243 1712 quod
1265 1648 1343 1692 eum
1365 1625 1482 1693 verbo-

319 1768 395 1811 rum
418 1747 570 1813 ordinem
592 1749 721 1826 retinet,
754 1769 856 1832 quem
879 1747 1008 1813 codices
1030 1748 1156 1813 habent
1180 1748 1229 1832 (τῇ
1251 1749 1402 1831 κορωνίὸι
1423 1754 1480 1812 τοῦ

319 1868 589 1952 συγγράμματος).
641 1868 707 1935 Sed
729 1869 783 1936 vel
805 1868 920 1934 addito
944 1870 1142 1955 pronomine
1164 1876 1264 1943 τοῦτο,
1286 1869 1359 1934 haec
1381 1870 1482 1954 scrip-

319 1997 395 2054 tura
417 2011 552 2075 prorsus
574 1989 792 2075 repudianda,
815 2012 894 2056 cum
910 1992 968 2057 vix
985 1991 1167 2076 quisquam
1183 1990 1348 2075 explicare
1365 1990 1481 2076 possit,

319 2111 402 2196 quid
414 2111 579 2196 significet
586 2112 717 2197 phrasis
724 2114 907 2176 ὑποτιθέναι
917 2137 943 2176 τι
954 2120 992 2195 τῆ
1003 2113 1216 2197 κορωνίδιτοῦ
1225 2114 1480 2196 συγγράμματος,

319 2240 361 2311 11,
395 2232 472 2298 licet
504 2233 669 2318 significet
703 2234 914 2319 ,perorationi
946 2233 1048 2299 libelli
1080 2234 1209 2319 aliquid
1241 2232 1383 2311 addere',
1416 2233 1483 2297 hoc

319 2355 391 2420 loco
420 2353 518 2420 valde
546 2355 676 2439 frigeat,
710 2376 788 2420 cum
816 2362 977 2440 appareat
1005 2355 1158 2420 nondum
1187 2357 1288 2420 etiam
1310 2374 1483 2440 perorasse

320 2477 525 2561 scriptorem,
559 2496 607 2554 ac,
641 2476 678 2539 ni
704 2476 921 2542 vehementer
953 2475 1058 2554 fallor,
1093 2477 1275 2562 disputatio
1304 2476 1370 2554 1111,
1404 2496 1483 2560 quae

320 2596 465 2676 additur,
488 2597 562 2682 ipsa
584 2597 627 2661 sit
649 2596 752 2661 libelli
774 2597 940 2682 peroratio
964 2598 1114 2680 (κορωνὶς
1135 2605 1190 2662 τοῦ
1213 2596 1482 2681 συγγράμματος).

320 2718 385 2783 His
407 2718 593 2783 rationibus
615 2716 781 2783 adductus
799 2739 877 2783 cum
894 2719 1066 2784 Herchero
1085 2725 1118 2783 et
1139 2719 1352 2784 Bemardaki
1372 2717 1484 2784 solum

321 2839 469 2904 codicem
491 2840 522 2903 D
545 2861 675 2924 sequor,
709 2861 919 2924 quamquam
948 2861 990 2906 ne
1020 2841 1047 2904 is
1077 2840 1216 2925 quidem
1242 2839 1409 2917 hocloco,
1443 2844 1485 2902 ut

321 2982 423 3046 supra
445 2961 715 3039 commemoravi,
749 2982 884 3046 prorsus
906 2962 989 3028 vitio
1011 2968 1124 3040 vacat;
1154 2960 1367 3026 scribendum
1390 2960 1484 3024 enim

321 3080 480 3146 facillima
513 3083 715 3151 correctione
748 3082 900 3148 adhibita
933 3083 994 3148 sic:
1142 3084 1323 3147 ἐπιτιθέναι
1355 3082 1484 3168 ταύτην

17 3260 34 3304 1,
63 3231 110 3308 ,11
141 3269 145 3282 ,
191 3209 215 3298 ”J
245 3265 250 3296 3
274 3203 281 3226 ⁷
323 3202 491 3286 (=wdro)
514 3203 675 3286 κορωνίδα
697 3211 744 3285 τῷ
762 3206 981 3287 συγγράμματι
1003 3205 1023 3269 i.
1048 3225 1074 3269 e.
1099 3205 1127 3268 si
1148 3203 1192 3268 ad
1209 3203 1351 3270 verbum
1362 3202 1483 3266 Latine

246 3350 253 3401 1
321 3324 484 3391 vertimus
519 3324 614 3405 ,hanc
647 3323 698 3407 (=
720 3323 794 3408 hoc)
828 3345 986 3390 coronam
1019 3325 1190 3410 imponere
1223 3324 1335 3402 libro';
1372 3345 1481 3408 comp.

321 3445 433 3513 Madv,
458 3445 551 3530 Synt.
576 3444 631 3509 Gr.
654 3443 677 3529 ξ
702 3449 737 3512 11
762 3467 840 3511 ann.
866 3445 1046 3531 11141.

317 3698 353 3762 ρ.
377 3678 451 3745 671
474 3678 560 3764 (cap.
584 3637 737 3762 XXVI).

407 3800 466 3880 οὐχ
485 3798 576 3882 ἦττον
592 3800 626 3863 δὲ
642 3801 754 3864 τούτου
766 3800 890 3882 φιλικόν
902 3800 1008 3864 ἔστιτὸ
1019 3801 1224 3883 παρορᾶσθαι
1235 3800 1289 3862 καὶ
1300 3798 1483 3881 ἀμελεῖσθαι

324 3920 496 3988 δοκοῦντας
518 3920 632 3991 αὐτοὺς
653 3921 733 4003 ὑπὲρ
756 3921 860 3985 ἄλλων
888 3922 1115 4005 ἀμελουμένων
1135 3920 1405 4003 παρρησιάζεσθαι
1426 3919 1482 3981 καὶ

322 4041 580 4123 ὑπομιμνήσκειν.

408 4162 522 4231 αὐτούς
555 4161 613 4226 vix
641 4162 720 4226 terri
749 4169 867 4248 potest,
902 4184 980 4228 cum
1007 4183 1193 4248 pronomen
1220 4161 1263 4226 ad
1293 4161 1483 4227 subiectum

324 4320 420 4332 -.ι-

360 4436 381 4502 ¹)
403 4439 544 4508 Xylander
562 4455 662 4507 parurn
683 4442 746 4507 apte
765 4440 930 4495 antecedens
948 4432 1029 4490 ainis
1048 4440 1076 4494 in
1096 4432 1163 4488 αὐτό
1182 4440 1307 4494 mutavit.
