3306 5144
693 439 753 502 143

147 631 173 694 si
191 630 409 696 Doehnerum
431 629 643 714 reliquosque
666 651 897 714 sequeremur;
931 652 1012 696 nam
1029 632 1057 696 si
1082 631 1158 698 Solo
1180 587 1304 716 Lycur-

143 774 221 836 gum
248 759 420 817 auctorem
447 759 480 816 et
507 751 700 838 exemplum
721 752 758 816 in
780 751 910 836 legibus
933 752 1105 818 mutandis
1127 752 1248 818 habuit
1270 759 1304 818 at

148 873 238 958 ,leges
271 873 404 938 mutari'
439 894 509 936 non
540 874 590 938 fas
620 881 678 951 est,
713 880 790 960 apte
817 874 958 958 scriptor
986 873 1160 940 Chilonem
1188 875 1302 960 ipsum

145 995 229 1062 dicto
251 995 309 1072 illi,
343 994 435 1080 quod
456 995 579 1060 iniuria
606 995 637 1059 ei
664 993 831 1060 tributum
853 1002 932 1073 erat,
963 1001 1190 1081 opponentem
1212 996 1302 1074 facit,

147 1118 244 1202 ,prius
256 1117 459 1202 Lycurgum,
482 1117 607 1202 quippe
625 1117 684 1201 qui
701 1138 773 1182 rem
784 1116 955 1214 pubiicum
971 1117 1302 1182 Lacedaemoniorum

144 1238 294 1303 funditus
328 1239 518 1315 mutaverit,
552 1256 630 1303 cum
666 1239 747 1323 ipsis
776 1237 906 1323 legibus
934 1238 1182 1324 repudiandum
1211 1242 1302 1304 esse'.

145 1398 184 1405 -
213 1358 403 1425 Retinenda
423 1360 527 1444 igitur
548 1358 671 1425 hadita
693 1360 865 1445 scriptura.
916 1359 1069 1426 Verbum
1090 1362 1302 1444 μετακινητός,

147 1481 185 1546 (10
222 1502 290 1565 quo
328 1481 485 1546 Reiskius
524 1479 693 1546 dubitasse
733 1481 876 1560 videtur,
919 1489 1028 1547 exstat
1072 1483 1174 1546 etiam
1211 1481 1304 1568 apud

147 1602 377 1688 Thucydidem
400 1603 440 1681 V,
464 1607 502 1670 21
527 1624 551 1668 s.
575 1602 631 1667 fin.

145 1965 409 2048 p.152c(ccp.
442 1964 533 2046 VII).

229 2087 374 2168 δεύτερος
403 2085 451 2148 δ’ὁ
474 2086 553 2156 Βίας
575 2085 658 2149 εἶπεν
682 2104 688 2115 ’
710 2087 739 2149 εἶ
757 2086 885 2166 τρόποις
906 2094 1012 2168 χρῷτο
1035 2094 1099 2157 τοῖς
1120 2088 1230 2169 νόμοις
1251 2095 1306 2170 τῆς

149 2209 293 2290 πατρίδος
315 2206 393 2290 (scil.
416 2208 533 2288 μάλιστ’
558 2209 598 2270 ἂν
620 2208 750 2280 ἔνδοξος
772 2206 910 2290 γένοιτο).

230 2328 368 2394 Codices
390 2329 496 2392 nostri
517 2330 546 2391 εἰ
563 2334 691 2409 πρῶτος
711 2328 871 2413 praebent,
895 2328 986 2412 quod
1008 2329 1093 2392 mihi
1115 2330 1306 2395 coniectura

148 2450 271 2515 librarii
301 2471 371 2514 esse
399 2449 541 2527 videtur,
576 2449 630 2512 cui
660 2449 830 2535 displicuit
857 2451 1037 2516 obscurum
1064 2450 1148 2515 illud
1169 2451 1305 2534 τρόποις,

149 2572 236 2656 quod
266 2577 375 2636 exstat
396 2571 487 2656 apud
511 2571 681 2636 Stobaeum
711 2571 831 2656 (Floril.
856 2578 906 2652 48,
930 2574 989 2656 47).
1045 2571 1305 2657 Wyttenbachio

151 2693 290 2776 iudice1)
318 2693 481 2778 scriptura
504 2693 631 2775 τρόποις
657 2715 743 2758 »11011
766 2703 855 2760 caret
877 2695 1042 2759 acuminis
1064 2693 1306 2780 probabilitate,

153 2817 180 2881 si
204 2814 335 2902 lapibus
360 2815 489 2899 patriae
517 2815 564 2881 ito
591 2824 813 2897 assuesceret,
843 2823 879 2882 ut
905 2817 946 2883 iis
968 2836 1039 2902 pro
1063 2815 1215 2882 moribus
1238 2815 1310 2900 ipse

103 2954 105 2960 ’
153 2940 309 3004 1110001111ἰ
319 2960 332 3018 ,·
352 2957 407 3023 1110
428 2935 539 2999 iudice
562 2943 651 3000 caret
671 2936 744 3001 haec
766 2937 942 3022 explicatio
965 2944 998 3002 et
1014 2939 1169 3003 acumine
1187 2943 1220 3001 et
1238 2958 1309 3022 pro-

151 3057 329 3124 habilitate.
385 3057 549 3122 Praeterea
582 3057 773 3122 Hercherus
804 3061 963 3141 ἀτρέπτοις
993 3058 1206 3124 scribendum
1238 3079 1309 3122 esse

152 3187 270 3258 censet,
290 3178 522 3257 Bernardakis,
543 3178 641 3264 quod'
653 3180 762 3264 specie
783 3181 855 3246 veri
877 3180 1027 3258 similius,
1046 3181 1104 3246 sed
1120 3181 1175 3245 hic
1187 3180 1311 3265 pariter

153 3323 251 3366 sensu
268 3322 401 3365 cassum
418 3299 508 3382 esu),
532 3301 688 3382 ἀτρόποις,
708 3322 786 3365 011111
802 3304 940 3385 χρῆσθαι
956 3309 1020 3373 τοῖς
1035 3304 1145 3385 νόμοις
1162 3303 1309 3384 ἀτρόποις

153 3423 235 3487 nihil
259 3421 351 3486 aliud
374 3421 560 3506 significare
582 3413 688 3506 possit
709 3423 775 3487 nisi
799 3425 857 3504 ,uti
879 3422 1008 3508 legibus
1031 3423 1308 3500 immutabilibus

153 3544 273 3609 habere
306 3544 394 3628 leges
424 3542 659 3608 immutabiles
670 3543 703 3627 ³),
741 3545 834 3609 nullo
867 3545 967 3609 modo
1000 3544 1035 3609 id
1068 3544 1159 3629 quod
1193 3566 1310 3609 sensus

153 3666 291 3751 requirit
315 3664 452 3749 ,legibus
474 3666 522 3729 ita
544 3666 603 3742 uti,
627 3673 666 3729 ut
688 3687 743 3730 eas
766 3644 835 3731 non
858 3667 954 3731 tollas
976 3667 1030 3733 vel
1051 3670 1180 3730 mutes’.
1233 3666 1310 3730 For-

153 3795 238 3852 tasse
261 3789 308 3852 010
331 3786 462 3871 scripsit
483 3786 697 3852 Plutarchus:
729 3791 758 3851 εἰ
777 3790 969 3872 ἐπιτρόποις
989 3797 1095 3872 χρῷτο
1116 3795 1180 3858 τοῖς
1202 3789 1311 3871 νόμοις

153 3917 206 3992 τῆς
229 3911 387 3992 πατρίδος,
417 3910 437 3974 i.
463 3931 489 3974 e.
523 3910 560 3989 ,si
582 3908 628 3991 (in
657 3930 692 3973 re
720 3908 853 3994 publica
876 3909 1153 3993 administranda)
1182 3909 1312 3993 legibus

153 4073 253 4080 -.-—-

192 4161 211 4224 ¹)
230 4165 289 4219 Vid.
309 4164 494 4219 animadvers.
514 4164 573 4218 eius
593 4162 627 4216 ad
649 4164 677 4216 h.
697 4164 715 4215 l.

189 4249 209 4313 ²)
229 4253 287 4308 Vid.
308 4253 449 4308 annotatio
469 4269 533 4306 mea
552 4251 588 4306 ad
606 4269 632 4320 p.
653 4249 733 4304 l3ba
754 4247 827 4318 (pag.
849 4247 990 4314 133-34).

190 4337 211 4404 ')
230 4341 268 4395 Cf.
292 4341 383 4394 Madv.
408 4339 482 4408 Synt.
503 4340 547 4394 Gr.
571 4337 588 4404 ἓ
608 4339 640 4392 12
659 4335 720 4403 et§
745 4337 777 4390 19
797 4355 862 4392 ann.
887 4339 909 4398 1,
933 4347 959 4394 et
977 4343 1114 4409 exempla,
1135 4356 1195 4408 quae
1220 4342 1313 4395 aPlu·

228 4429 326 4483 tarcho
344 4432 457 4494 sumpta
476 4428 540 4481 citat
557 4427 691 4495 Wyttenb.
711 4427 741 4480 in
760 4427 901 4481 animadv.
922 4429 958 4482 ad
976 4429 1042 4483 Mor.
1063 4445 1088 4496 p.
1108 4429 1174 4482 770.
