3306 5144
890 458 951 522 122

326 651 524 717 recentiores
556 649 700 716 editores
733 657 854 735 praeter
885 649 1128 714 Bernardakim
1137 647 1170 732 1),
1209 648 1253 714 ad
1285 648 1497 733 optimorum

325 770 479 838 codicum
519 771 718 856 scripturam
758 792 801 836 ne
846 771 955 856 ipsam
995 769 1134 854 quidem
1182 769 1265 836 vitio
1310 775 1496 848 carentem,

324 915 444 960 verum
481 899 595 958 tamen
632 893 679 956 ita
712 898 750 957 ut
782 890 952 958 lenissima
985 889 1218 956 emendatione
1251 891 1288 955 in
1319 891 1497 976 integrum

325 1015 455 1079 restitui
484 1015 596 1099 possit.
653 1012 874 1078 Scribendum
904 1013 995 1077 enim
1025 1013 1112 1076 τάδε
1146 1011 1287 1094 δὲ’ττρὸς
1317 1011 1352 1076 τὸ
1385 1012 1498 1094 παρὸν

323 1137 430 1219 καίρια
452 1135 505 1200 καὶ
525 1137 674 1218 χρήσιμα,
696 1135 844 1218 λεχθέντα
866 1133 948 1216 πρὸς
970 1133 1145 1197 Καλλικλέα
1167 1133 1230 1196 κτλ.

700 1770 832 1854 Ὑγιεινὰ
854 1770 1108 1854 παραγγέλματα.

317 2069 354 2132 p.
381 2048 474 2114 1220
495 2047 584 2132 (cop.
609 2046 651 2130 I).

410 2168 537 2249 ,Xaplr'
569 2169 629 2250 γὰρ
658 2171 719 2252 ἔφη
749 2169 792 2249 ιταὶ
820 2168 1006 2251 φιλοσόφων
1033 2165 1086 2229 καὶ
1117 2167 1233 2248 ἰατρῶν
1264 2165 1492 2246 deceptoriis

322 2290 449 2354 Μυσῶν
470 2290 524 2382 καὶ
550 2290 688 2372 Φρυγῶν
710 2291 862 2373 ὁρίσματα
884 2289 966 2352 κτλ.’.

407 2410 494 2496 Apte
516 2411 731 2476 notissimum
760 2409 976 2496 proverbium
997 2409 1053 2473 hic
1074 2429 1095 2472 a
1117 2406 1296 2474 Plutarcho
1318 2405 1489 2485 laudatur,

322 2532 381 2598 sed
415 2533 526 2597 nescio
563 2531 732 2616 quomodo
768 2552 867 2596 nemo
900 2530 1011 2595 adhuc
1046 2528 1133 2596 vidit
1166 2528 1361 2613 genetivum
1393 2533 1490 2591 τινῶν

321 2655 401 2719 ferri
423 2675 492 2718 non
514 2674 620 2739 posse,
643 2674 724 2718 nam
746 2673 823 2717 oum
847 2652 986 2720 decreto
1002 2650 1279 2736 philosophorum
1295 2654 1328 2712 et
1344 2647 1490 2712 medico

322 2795 399 2839 rum
442 2795 520 2838 cum
563 2773 687 2838 finibus
732 2774 906 2858 Mysorum
951 2779 984 2837 et
1022 2771 1196 2856 Phrygum
1239 2774 1487 2854 comparentur,

322 2897 552 2962 accusativum
579 2897 645 2959 τινά
675 2895 840 2960 sententia
866 2893 1009 2978 flagitat;
1042 2892 1197 2957 librarius
1224 2891 1346 2976 aliquis
1375 2911 1486 2956 errore

322 3017 594 3081 terminationem
611 3017 819 3101 pronominis
835 3015 1001 3081 indefiniti
1019 3013 1063 3078 ad
1081 3014 1228 3092 nomina,
1249 3033 1324 3098 qnae
1341 3033 1488 3097 sequun-

323 3145 387 3216 tur,
411 3137 684 3204 accommodavit.
730 3137 951 3203 Accusativus
973 3142 1087 3201 autem
1109 3134 1317 3220 pronominis
1339 3139 1426 3199 recte
1450 3154 1485 3199 se

321 3258 432 3338 habet,
466 3281 547 3324 nam
569 3258 627 3323 ubi
650 3264 888 3342 comparantur
909 3279 961 3322 res
982 3258 1070 3322 inter
1091 3278 1126 3321 se
1149 3254 1246 3322 valde
1268 3253 1408 3321 diversae
1429 3254 1485 3320 vel

322 3380 558 3446 similitudines
586 3379 777 3465 improvisae
804 3377 1021 3456 inducuntur,
1055 3399 1143 3464 saepe
1170 3377 1267 3462 quasi
1296 3376 1340 3442 ad
1362 3376 1486 3460 signifi-

322 3503 478 3582 candum,
503 3500 758 3567 similitudinem
780 3522 850 3566 non
871 3522 1006 3586 prorsus
1025 3506 1140 3585 aptam
1162 3506 1195 3564 et
1213 3498 1383 3584 propriam
1402 3519 1483 3577 esse,

321 3624 494 3709 particulae
527 3622 785 3709 comparationis
818 3621 1013 3706 adiungitur
1045 3642 1231 3707 pronomen
1269 3619 1483 3684 indefinitum

321 3744 415 3811 velut
442 3745 529 3810 Plut.
553 3745 668 3810 Moral.
699 3767 730 3830 p.
762 3748 833 3810 660
862 3745 970 3827 ὥσπερ
997 3742 1056 3808 οὖν
1084 3746 1185 3827 κῆράς
1206 3763 1305 3820 τινας;
1333 3764 1364 3827 p.
1390 3745 1484 3808 123a

322 3866 430 3948 ὥσπερ
448 3866 514 3929 τινὰ
532 3867 867 3950 corrideas-nupero&
891 3887 922 3950 p.
943 3867 1034 3932 1370
1057 3866 1119 3929 ἀλλ’
1137 3865 1204 3929 οἷόν
1221 3888 1287 3929 τινα
1308 3863 1483 3946 ξυνωρίδος

321 3987 505 4070 ἰσορροπίαν
535 3988 755 4070 διαφυλάττειν.
810 3987 937 4052 Danioe
969 4007 1041 4072 ,paa
1070 4007 1112 4051 en
1141 3984 1261 4050 Maade
1288 3985 1437 4070 ligesom,
1471 3985 1484 4049 i

322 4109 410 4174 visse
432 4106 569 4184 Maader
590 4109 749 4193 ligesom'.

358 4358 380 4428 ¹)
398 4364 424 4418 ls
438 4360 581 4417 infeliciter
593 4361 708 4416 coniecit
718 4350 795 4410 ἔσται
813 4353 842 4409 δέ
861 4376 912 4428 pro
930 4353 963 4409 vd
983 4352 1022 4426 δέ,
1041 4373 1119 4426 aeque
1136 4358 1279 4415 infeliciter
1290 4359 1484 4416 Volkmannus

402 4451 506 4512 (Leben
524 4449 582 4504 und
601 4447 736 4504 Schriften
755 4448 804 4504 des
822 4447 967 4503 Plutarchs
984 4448 996 4502 l
1014 4463 1041 4516 p.
1061 4444 1122 4508 138)
1141 4440 1187 4498 viv
1205 4439 1234 4496 δὲ
1253 4439 1296 4500 τά.
