3282 5146
718 497 757 559 57

162 712 351 775 pronomen
384 692 478 761 αύτός
510 689 642 775 proprie
675 687 739 752 hoc
766 687 838 751 loco
865 687 955 771 poni,
986 694 1024 750 ut
1053 685 1258 768 significetur
1284 683 1323 760 is,

162 833 263 896 quem
286 813 435 897 scriptor,
464 830 673 895 quamquam
702 829 781 872 eum
808 829 870 872 nec
901 807 1022 872 diserte
1050 805 1239 872 nominavit
1261 823 1323 868 nec

161 934 256 999 aliter
278 933 561 1009 commemoravit,
585 930 757 995 tamenin
784 931 898 994 animo
921 928 1038 1006 habet;
1066 929 1158 992 hunc
1180 947 1281 990 usum
1302 946 1323 989 a

161 1055 295 1120 dicendi
317 1075 439 1139 genere
466 1053 638 1118 Plutarchi
666 1074 735 1117 non
763 1051 949 1128 abhorrere,
978 1049 1160 1115 ostendunt
1181 1047 1238 1112 alii
1260 1047 1324 1111 loci

160 1177 253 1242 velut
281 1177 366 1240 Mor.
396 1197 428 1260 p.
460 1178 539 1240 1340
567 1175 645 1238 όύεν
672 1174 783 1256 ἡδοναὶ
813 1173 872 1258 μὲν
901 1173 996 1245 ὀξεῖαι
1029 1171 1082 1234 καὶ
1104 1171 1217 1240 ἀτελεῖς
1245 1219 1251 1231 .
1280 1219 1286 1230 .
1316 1218 1322 1230 .

161 1301 193 1361 ἒν
221 1304 286 1367 ταῖς
307 1297 496 1360 ἀπολαύσεσι
517 1296 730 1378 λαμβάνουσιν
758 1296 879 1367 αύτούς,
904 1344 910 1356 .
937 1343 943 1355 .
975 1343 991 1371 .,
1019 1291 1090 1356 ibid
1111 1313 1142 1376 p.
1169 1294 1248 1356 137e
1270 1290 1324 1353 noi

159 1421 216 1500 τὴν
243 1418 343 1500 καλὴν
365 1418 418 1481 καὶ
445 1420 596 1499 ἐράσμιον
624 1418 740 1498 ὑγίειαν
768 1415 815 1480 ὧν
845 1417 973 1480 δίδωσιν
1000 1415 1134 1496 ἀναδῶν
1162 1413 1323 1475 κάλλιστον

78 1607 81 1612 ,
160 1541 357 1621 ἡγουμένους
380 1539 499 1603 διδόναι
516 1538 551 1601 τδ
567 1537 649 1620 πρδς
670 1545 776 1619 κτῆσιν
798 1539 909 1620 ἀρετῆς
920 1537 973 1598 καὶ
984 1543 1094 1618 χρῆσιν
1116 1537 1150 1598 ἕν
1166 1559 1197 1596 τε
1219 1534 1323 1616 λόγοις

160 1661 213 1723 καὶ
239 1663 388 1743 πράξεσιν
417 1660 580 1724 ἀκώλυτον
609 1659 722 1721 αὐτῶν.
766 1657 895 1722 Pendet
916 1657 1018 1722 altero
1046 1656 1118 1721 loco
1145 1656 1322 1739 genetivus

159 1781 367 1866 pronominis
389 1803 409 1846 a
431 1781 541 1847 verbis
563 1780 598 1845 τὸ
622 1818 664 1825 -
686 1781 857 1843 ἀκώλυτον.

154 2047 189 2111 p.
212 2025 288 2092 48ό
311 2025 399 2109 (cop.
425 2024 582 2106 XVIII).

243 2145 327 2209 οὗτοι
359 2145 418 2228 μὲν
451 2143 508 2209 οὗν
535 2144 614 2208 κατὰ
647 2144 700 2208 τὸν
731 2144 927 2226 Ἱερώνυμον
955 2143 1063 2225 ὥσπερ
1092 2145 1122 2206 οἱ
1150 2142 1242 2205 δειλοὶ
1269 2142 1322 2204 καὶ

158 2269 295 2350 γλίσχροι
327 2267 482 2336 σκύλακες
496 2267 543 2352 τά
572 2267 711 2348 δέρματα
746 2267 911 2335 δάκνοντες
941 2267 1022 2328 οἴκοι
1049 2265 1102 2327 καὶ
1130 2264 1166 2326 τά
1195 2265 1322 2345 τίλματα

155 2390 304 2458 τίλλοντες
324 2394 389 2451 τῶν
410 2389 535 2470 δηρίων
557 2389 662 2451 αὐτῶν
684 2389 743 2471 ούχ
765 2389 919 2451 ἅπτονται.

240 2508 519 2594 Wyttenbachius
549 2530 626 2573 cum
655 2515 741 2573 recte
769 2508 983 2592 intellegeret,
1013 2528 1136 2573 canum
1166 2508 1321 2572 tenuium

153 2631 206 2696 vel
238 2631 408 2695 tenacium
443 2631 795 2696 commemorationem
829 2631 893 2695 hoc
920 2629 991 2695 loco
1020 2629 1201 2694 absurdam
1234 2650 1314 2707 esse,

153 2773 213 2836 pro
237 2753 374 2836 γλίσχροι
396 2753 526 2817 censuit
548 2751 765 2822 ¹scribendum
790 2772 860 2816 esse
875 2752 980 2834 λίχνοι,
1004 2751 1095 2836 quod
1116 2773 1185 2816 non
1207 2751 1315 2834 magis

153 2881 271 2958 aptum
294 2881 352 2938 est.
389 2875 528 2938 Frustra
550 2873 593 2938 ad
616 2873 817 2938 sententiam
840 2894 936 2937 suam
958 2873 1120 2938 tuendam
1143 2877 1316 2956 comparat

153 2995 234 3059 Mor.
264 3017 295 3080 p.
327 2999 347 3061 3
375 3017 395 3060 a
423 3001 456 3060 et
488 2999 549 3060 225
562 2996 589 3073 i;
613 2994 661 3058 ibi
694 2995 784 3059 enim
813 2993 944 3059 duobus
972 2995 1127 3073 canibus,
1164 2992 1315 3079 cupediis

153 3116 322 3201 aliquibus
344 3124 377 3182 et
399 3117 509 3201 lepore
531 3117 609 3182 vivo
632 3116 668 3179 in
687 3115 798 3180 medio
821 3116 947 3200 positis,
971 3117 1161 3182 utriuslibet
1178 3113 1315 3201 petendi

153 3239 244 3322 optio
272 3237 379 3302 datur.
431 3237 495 3303 Sed
518 3259 603 3322 quae,
635 3258 757 3322 quase,
786 3238 928 3303 iacultas
956 3239 999 3303 sit
1021 3237 1160 3304 canibus
1183 3236 1313 3301 miseris

153 3359 293 3443 parendi
325 3359 413 3442 gulae
445 3358 690 3443 intempestivae
727 3359 763 3423 in
797 3359 940 3444 pellibus
973 3361 1051 3426 feno
1083 3361 1187 3438 lartio,
1228 3379 1312 3443 quas

153 3481 221 3544 iam
254 3502 296 3545 ex
330 3479 446 3544 multis
481 3480 774 3545 exercitationibus
809 3481 845 3544 in
880 3481 957 3546 aula
985 3482 1153 3548 venatoris
1187 3481 1313 3565 optime

153 3609 383 3688 cognoverunt
404 3622 474 3665 non
494 3622 575 3667 vera
598 3621 668 3666 esse
697 3601 879 3666 animalia?
929 3604 1181 3688 Peropportune
1216 3601 1314 3666 nobis

151 3725 214 3789 hac
259 3723 455 3789 difficultate
497 3722 667 3807 impeditis
711 3745 810 3808 opem
852 3724 917 3788 fert
960 3723 1168 3808 Xenoph0n;
1208 3729 1315 3788 osten-

153 3845 239 3910 dunt
265 3846 357 3909 enim
385 3843 488 3911 verba
516 3845 596 3922 eiua,
626 3867 701 3930 quae
732 3845 845 3910 statim
867 3845 998 3930 integra
1019 3821 1159 3930 ponamp
1188 3852 1313 3910 rectam

152 3968 252 4046 viam,
276 3988 344 4052 qua
365 3967 420 4031 hic
437 3966 609 4031 Plutarchi
625 3967 717 4032 locus
734 3967 777 4031 ad
794 3967 978 4051 genuinam
996 3967 1140 4032 formam
1164 3967 1314 4033 revocari

152 4095 275 4173 potest;
304 4096 384 4153 sunt
405 4095 519 4154 autem
540 4089 628 4153 haec:
653 4089 838 4154 Comment.
862 4087 921 4167 ΙΠ,
950 4093 980 4168 8,
1009 4094 1026 4155 7
1050 4091 1199 4160 πολλάκις
1222 4089 1256 4152 δὲ
1278 4088 1313 4153 τὸ

151 4209 234 4292 πρὸς
266 4210 387 4292 δρόμον
417 4210 516 4274 καλὸν
547 4209 629 4293 πρὸς
661 4211 763 4294 πάλην
796 4211 933 4294 αἰσχρόν,
966 4210 1001 4275 τὸ
1036 4211 1070 4274 δὲ
1102 4211 1183 4295 πρὸς
1210 4212 1313 4294 πάλην

152 4328 250 4394 καλὸν
282 4331 362 4413 πρὸς
395 4332 517 4414 δρόμον
549 4334 693 4415 αἰσχρόν;
719 4332 843 4417 Cyneg.
867 4332 942 4411 VH,
967 4337 1000 4398 9:
1025 4333 1079 4395 ε’δν
1108 4333 1142 4396 δὲ
1173 4335 1312 4415 αἰσχίους

152 4450 212 4518 ὦσι
222 4450 303 4536 κρδς
318 4451 372 4516 τὸν
390 4453 511 4536 δρόμον
524 4454 569 4538 (αἱ
579 4454 745 4537 σκύλακες)
760 4454 853 4518 οὐδὲν
864 4454 979 4518 κωλύει
1002 4455 1093 4534 isram
1116 4453 1196 4520 ibid.
1217 4455 1312 4534 ΧΠΙ,
