3306 5144
887 493 948 556 100

344 686 437 752 libris
466 693 574 752 exstat
606 687 727 768 ὀρνέων
753 709 785 749 τε
811 684 968 768 θηρευτὰς
995 691 1169 768 παρῃτεῖτο,
1203 683 1294 768 quod
1323 686 1507 752 manifesto

348 809 430 875 vitio
452 807 588 885 laborat,
612 807 641 872 si
662 805 799 891 quidem
820 805 893 870 haec
915 812 1082 870 structura
1097 807 1313 887 παραιτεῖσθαι
1331 809 1396 871 τινά
1413 832 1508 881 τινος,

347 937 386 994 ut
412 929 617 1014 significetur
648 949 772 1013 lrogare
794 927 940 1011 aliquem
963 925 1110 1011 aliquid,
1134 927 1243 992 aliena
1265 934 1315 992 est
1336 949 1357 992 a
1379 927 1509 994 Graecae

348 1050 472 1135 linguae
489 1048 746 1128 consuetudine;
763 1050 847 1114 mire
865 1048 1039 1135 Xylander
1058 1069 1158 1113 sensu
1176 1048 1326 1133 neglecto
1347 1070 1509 1136 ⁸aucupes

347 1170 568 1258 improbavit,
581 1169 860 1257 Wyttenbachius
880 1190 1034 1256 ‘aucupes
1051 1168 1217 1234 exorabat
1231 1170 1507 1256 interpretantur.

350 1295 428 1360 Sine
456 1291 558 1358 dubio
587 1292 719 1378 scripsit
740 1292 939 1357 Plutarchus
967 1293 1089 1374 ὀρνέων
1115 1315 1146 1355 τε
1173 1292 1299 1374 θήρας
1320 1274 1511 1375 θηρευτὰς

271 1401 316 1574 ἕ
345 1421 509 1498 παρῃτεῖτο
526 1413 710 1498 (venatores
721 1433 800 1480 aves
812 1433 896 1498 quas
908 1419 1064 1498 ceperant
1075 1411 1233 1496 rogabat).
1267 1413 1510 1479 Noouitetiam

267 1559 312 1768 ἦ
346 1538 410 1602 hoc
441 1536 512 1601 loco
545 1534 730 1600 litterarum
759 1534 942 1600 similitudo
973 1533 1169 1618 (cHPAc
1202 1533 1346 1599 ΘΗΡΕ
1361 1534 1510 1620 YTAC),

348 1678 416 1743 qua
443 1656 600 1742 deceptus
629 1655 784 1722 librarius
813 1656 939 1742 priores
968 1662 1007 1720 ut
1035 1675 1144 1720 errore
1173 1656 1358 1740 geminatas
1381 1658 1508 1723 omisit.

343 2051 380 2116 p.
403 2031 476 2096 91e
498 2029 586 2114 (cap.
611 2027 689 2111 IX).

433 2156 527 2213 ταῦτα
559 2149 619 2232 μὲν
651 2147 708 2213 οὗν
740 2151 837 2212 αὐτοῦ
864 2155 918 2231 τῆς
948 2149 1045 2230 δόξης
1072 2149 1133 2230 ἔχει
1160 2151 1328 2231 τεκμήριον
1352 2152 1511 2232 μέγιστον·

349 2271 425 2335 ἀλλὰ
457 2273 565 2354 μεῖζον
596 2269 650 2333 καὶ
681 2271 842 2334 κάλλιπον
875 2271 920 2333 ὅτι
951 2277 997 2351 τῷ
1030 2269 1142 2351 ὀικαίῳ
1176 2271 1314 2352 χρῆσθαι
1340 2271 1394 2334 καὶ
1425 2273 1512 2354 πρὸς

349 2393 485 2476 ἐχθροὺς
507 2393 682 2462 ἐθισθέντες
703 2393 765 2455 κτλ.

435 2513 488 2580 Sic
526 2533 642 2578 omnes
681 2511 773 2592 libri;
814 2514 949 2586 κάλλιον,
990 2511 1080 2596 quod
1119 2512 1269 2597 plerique
1307 2515 1510 2580 recentiores

351 2635 512 2700 editiones
541 2632 675 2712 habent,
710 2635 908 2700 coniecturae
936 2633 1064 2699 Reiskii
1092 2633 1241 2712 debetur,
1275 2633 1333 2699 sed
1360 2634 1413 2701 vel
1442 2635 1510 2701 hae

351 2755 502 2822 adhibita
530 2755 622 2820 locus
644 2776 713 2820 non
735 2776 837 2820 sanus
859 2763 924 2834 est;
958 2755 1043 2819 mihi
1065 2755 1202 2840 quidem
1224 2755 1378 2821 bilariam
1402 2759 1507 2843 suspi-

348 2881 480 2944 cionem
502 2884 628 2955 movet;
657 2897 735 2942 nam
759 2885 938 2963 postquam
961 2877 1046 2941 dixit
1067 2877 1276 2956 Plutarchus,
1299 2879 1509 2944 auctoritatis

355 3000 489 3065 Catonis
511 2999 699 3064 maximum
721 3019 791 3066 esse
815 2999 959 3083 signum,
982 2999 1073 3084 quod
1095 3000 1240 3065 inimicis
1259 2998 1300 3064 de
1318 3001 1510 3085 integritate

352 3123 424 3188 eius
450 3141 648 3206 persuasum
676 3127 770 3198 esset,
804 3119 947 3188 absurde
975 3121 1119 3200 additur,
1152 3121 1258 3187 nihilo
1280 3123 1393 3186 minus
1415 3122 1509 3194 aliud

352 3243 453 3307 etiam
485 3241 595 3306 maius
627 3248 765 3306 exstare.
822 3241 921 3317 Quod
955 3244 1089 3328 signum
1122 3243 1271 3308 maximo
1299 3244 1409 3308 maius
1437 3265 1508 3309 esse

353 3363 486 3450 potest?
529 3361 659 3427 Deinde
681 3362 781 3447 paulo
803 3363 892 3428 infra
913 3363 979 3429 alia
1001 3363 1195 3430 difficultate
1217 3364 1382 3430 offendor:
1406 3387 1510 3431 enun-

352 3487 472 3550 tiatum
492 3485 592 3562 enim,
612 3483 702 3568 quod
719 3506 740 3549 a
756 3485 919 3570 particula
937 3487 981 3550 ὅτι
998 3486 1124 3572 incipit,
1145 3508 1223 3552 cum
1234 3486 1510 3552 antecedentibus

353 3605 462 3672 verbis
502 3606 579 3670 ἀλλὰ
617 3608 725 3689 μεῖζον
762 3608 816 3670 καὶ
848 3608 982 3682 κάλλιον,
1022 3607 1066 3673 ad
1098 3630 1174 3693 quae
1208 3630 1250 3673 ex
1282 3607 1509 3694 superioribus

354 3729 539 3793 necessario
571 3727 708 3793 auditur
738 3731 915 3812 τεκμήριον,
956 3737 1032 3815 apte
1065 3731 1267 3816 coniungere
1299 3750 1439 3814 neque0,
1482 3731 1510 3794 si

355 3847 492 3934 quidem
538 3849 611 3914 haec
655 3851 821 3916 sententia
861 3852 1050 3917 auctoritati
1090 3851 1225 3916 Catonis
1265 3872 1399 3938 prorsus
1439 3872 1509 3916 non

354 3977 556 4055 argumento
585 3990 655 4035 esse
687 3978 805 4056 potest.
860 3973 931 4057 Ego
964 3995 1034 4038 non
1065 3971 1192 4049 dubito,
1226 3974 1309 4057 quin
1342 3973 1511 4058 scripserit

319 4157 340 4191 s
356 4090 555 4157 Plutarchus
592 4098 687 4155 ταῦτα
724 4091 783 4176 μὲν
816 4091 873 4157 οὗν
905 4095 1002 4158 αὐτοῦ
1033 4101 1087 4177 τῆς
1120 4094 1216 4177 ὀόξης
1248 4097 1310 4178 ἔχει
1341 4097 1511 4178 τεκμήριον

355 4216 498 4297 μέγιστον
521 4231 527 4245 ·
550 4212 617 4275 οὐθ’
642 4214 717 4277 ἄλλο
733 4216 841 4297 μεῖζον
857 4216 911 4278 καὶ
926 4215 1052 4279 κάλλιον
1070 4217 1157 4288 ἔστιν,
1181 4216 1227 4320 dra
1243 4215 1272 4300 (i.
1292 4216 1511 4300 τω)

324 4372 328 4395 ,
352 4344 399 4418 τῷ
416 4335 528 4417 δικαίῳ
544 4333 606 4397 κτλ.
651 4332 783 4399 Omissa
799 4343 934 4420 propter
950 4334 1136 4401 litterarum
1154 4335 1297 4401 duarum
1316 4337 1513 4403 anteceden-

353 4458 440 4522 tium
450 4463 484 4521 et
495 4455 597 4520 unius
609 4455 778 4540 sequentis
791 4454 1047 4520 similitudinem
1058 4458 1292 4524 coniunctione
1306 4459 1411 4542 (odd),
1426 4459 1512 4533 ἄλλο,
1642 4503 1643 4510 1

480 4970 875 5108 A
