3306 5144
744 469 803 530 145

191 663 305 722 autem
333 659 545 744 reprehensio
568 659 686 744 AEsopi
708 661 815 744 friget.
839 698 880 704 —
903 661 990 744 Apte
1010 660 1123 724 locum
1146 661 1355 746 interpretati

191 786 271 842 sunt
292 777 457 864 Amyotus
480 787 514 844 et
536 781 746 845 Kaltwasser.
1453 747 1454 752 γ

185 1102 450 1190 p.152s(cap.
484 1103 595 1186 VIII).

270 1223 334 1306 Ἆρ’
365 1222 422 1287 οὗν
450 1225 637 1306 ἀπεκρίνατο
665 1226 718 1288 καὶ
747 1227 865 1290 διέλυσε
894 1227 1014 1290 τούτων
1037 1228 1168 1289 ἕκαστον
1174 1250 1185 1302 ,·
1221 1225 1353 1306 (Οὕτωέ

190 1346 208 1408 ὁ
230 1345 417 1418 Νειλόξενος
439 1348 500 1429 ἔφη
526 1365 531 1376 ·
558 1349 683 1429 μρίνετε
706 1348 826 1429 δ’ὑμεῖς
850 1349 1059 1417 ἀκούσαντες’.

275 1466 487 1551 Responsum
528 1467 684 1531 Niloxeni
725 1469 903 1533 manifesto
948 1468 1102 1546 ostendit,
1147 1467 1353 1532 intercidisse
1443 1515 1445 1519 ,

189 1586 317 1671 aliquid
351 1588 386 1650 in
414 1588 673 1672 interrogatione
701 1589 919 1653 antecedenti.
976 1590 1116 1674 Scripsit
1148 1590 1219 1652 sine
1250 1587 1352 1653 dubio

189 1708 389 1774 Plutarchus
411 1708 493 1779 Πῶς
515 1708 564 1791 ἄρ’
589 1708 646 1772 οὗν
668 1710 730 1773 κτλ.

169 2035 209 2118 ’ρ
245 2033 310 2099 153
311 2031 346 2120 s
360 2041 449 2116 (cap.
475 2033 534 2111 X).

273 2155 433 2236 ἀκούομεν
468 2154 527 2235 γὰρ
556 2155 600 2216 ὅτι
629 2154 682 2217 καὶ
711 2154 792 2236 πρὸς
818 2155 872 2224 τὰς
895 2155 1151 2237 Ἀμφιδάμαντος
1179 2157 1281 2238 ταφὰς
1310 2158 1353 2225 εἰς

188 2275 333 2339 Χαλκίδα
356 2282 420 2338 τῶν
441 2276 508 2337 τότε
530 2281 642 2357 σοφῶν
665 2277 695 2337 οἱ
718 2276 927 2357 δοκιμώτατοι
949 2277 1072 2358 ποιηταὶ
1095 2278 1261 2360 συνῆλθον.

272 2397 421 2480 Antiquo
455 2397 511 2460 illo
544 2403 692 2480 tempore
727 2397 820 2460 omni
853 2397 917 2460 arti
947 2402 979 2460 et
1007 2399 1153 2462 scientiae
1182 2399 1253 2463 sine
1283 2399 1350 2463 ullo

187 2518 379 2582 discrimine
402 2517 574 2602 sapientiae
597 2538 721 2580 nomen
739 2516 856 2580 datum
874 2524 932 2595 est,
956 2525 1076 2603 praeter
1095 2525 1219 2584 ceteros
1237 2526 1350 2584 autem

187 2645 294 2722 poeta
333 2640 500 2724 sapientes
538 2637 809 2722 appellabantur,
850 2639 889 2703 cf.
930 2639 1085 2704 Athenaei
1123 2641 1348 2725 Deipnosoph.

186 2759 279 2836 XIV,
308 2763 399 2825 6320
429 2760 463 2823 τὸ
494 2761 528 2822 δὲ
558 2761 632 2822 ὅλον
660 2762 760 2822 ἔοικεν
790 2763 808 2842 ἡ
837 2762 953 2824 παλαιὰ
980 2768 1044 2824 τῶν
1069 2762 1227 2844 Ἑλλήνων
1254 2765 1349 2845 σοφία

184 2889 221 2963 τῇ
243 2889 381 2964 μουσικῇ
403 2882 534 2963 μάλιστα
557 2881 632 2944 εἶναι
654 2881 817 2963 δεδομένη.
862 2882 936 2945 Hoc
948 2883 1149 2946 Plutarchus
1172 2890 1258 2948 certe
1281 2905 1349 2948 non

186 3003 361 3086 ignoravit,
392 3024 510 3068 verum
533 3009 645 3065 tamen
666 3003 726 3087 yix
750 3001 857 3065 dicere
880 3003 990 3087 potuit
1010 3010 1075 3067 τῶν
1096 3005 1163 3068 τότε
1185 3011 1297 3088 σοφῶν
1319 2971 1388 3068 027-
1412 2969 1437 3014 Ἰ

186 3125 395 3206 δοκιμώτατοι
417 3126 549 3206 ποιηταί,
579 3144 656 3186 cum
686 3122 889 3188 vocabulum
919 3125 1020 3207 σοφός
1047 3127 1219 3190 notionem
1241 3127 1348 3190 multo

186 3245 336 3308 latiorem
370 3245 610 3330 complectatur
642 3266 744 3328 quam
774 3247 912 3329 ποιητής.
969 3247 1109 3332 Scripsit
1140 3249 1212 3312 sine
1245 3247 1347 3312 dubio

184 3371 248 3429 τῶν
269 3367 336 3429 τότε
358 3373 470 3449 σοφῶν
493 3369 523 3430 οῖ
545 3367 754 3448 δοκιμώτατοι
777 3368 943 3449 συνῆλθον.
989 3368 1202 3434 Vocabulum
1223 3371 1351 3452 ποιηταί

185 3488 521 3572 interpretamentum
544 3488 671 3552 eratin
694 3488 845 3570 margine
869 3488 1086 3574 adscriptum,
1109 3489 1200 3573 quod
1223 3485 1348 3554 lectori-

186 3608 248 3672 bus
272 3608 460 3693 explicaret,
480 3609 575 3673 cuius
598 3609 728 3694 generis
751 3608 894 3672 luissent
915 3609 1114 3675 nobilissimi
1132 3610 1221 3675 illius
1240 3611 1347 3675 aetatis

185 3731 366 3814 sapientes3
395 3729 473 3794 inde
501 3731 631 3794 incuria
658 3729 709 3795 vel
740 3749 848 3794 errore
871 3730 1082 3795 librariorum
1105 3733 1140 3795 in
1163 3733 1347 3796 orationem

185 3851 356 3915 Plutarchi
378 3851 578 3930 translatum
600 3857 658 3915 est.

181 4217 216 4282 μ.
246 4197 342 4262 156α
364 4196 452 4280 (cap.
478 4195 597 4278 XIII).
669 4237 671 4242 ,

271 4318 412 4381 ὁΧίλων
437 4318 561 4398 ιὀρδο”ις’
587 4318 647 4399 ἔφη
674 4316 833 4396 Αἴσωπος
855 4318 1005 4399 ἠμύνατο,
1028 4315 1143 4398 μικρὸν
1165 4316 1346 4397 ἔμπροσθεν

187 4439 413 4521 ε’τιιστομισδεὶς
441 4441 494 4520 ὑφ’
519 4441 621 4520 ἡμῶν,
651 4438 712 4500 εἷτα
735 4445 791 4501 νῦν
814 4439 900 4518 δρῶν
923 4439 1047 4518 ἑτέρους
1068 4437 1121 4499 τδν
1145 4437 1345 4518 Μνησιφίλου

1112 4565 1145 4618 10
