3306 5144
859 460 920 524 120

299 743 309 768 ‚
387 650 447 715 Sic
477 649 554 716 libri
581 650 732 736 plerique
760 657 794 716 et
822 651 955 736 optimi;
984 650 1076 736 quod
1105 651 1141 715 in
1170 651 1283 717 codice
1306 651 1336 716 D
1364 655 1477 716 exstat

304 772 473 836 Auditum
504 773 559 836 ιιαί
584 774 710 855 μοίραις
737 793 880 837 manum
913 772 1159 859 interpolatoris
1188 773 1330 838 alicuius
1353 773 1475 858 arguit,

304 892 442 958 licenter
468 899 600 958 textum
622 892 666 958 ad
688 899 827 978 captum
848 915 949 958 suum
972 894 1184 980 corrigentis;
1218 893 1369 959 medium
1391 915 1473 979 quo

305 1012 383 1078 dam
405 1013 506 1080 modo
528 1021 621 1080 tenet
642 1014 712 1080 cod.
726 1015 763 1093 B,
787 1014 823 1078 in
845 1036 912 1099 quo
936 1021 985 1080 est
1003 1016 1214 1086 Ἀπολλώνιος
1234 1015 1303 1079 καὶ
1323 1016 1470 1098 μοίραις;

303 1156 365 1220 pro
395 1136 633 1219 ἐπιτειεαμίνος,
668 1132 758 1217 quod
791 1135 828 1199 in
860 1135 1020 1201 omnibus
1052 1136 1247 1218 melioribus
1281 1136 1375 1202 codd.
1410 1143 1470 1214 est,

305 1255 483 1322 deteriores
512 1257 636 1342 partim
664 1257 913 1340 ἐιιιτετευγμένος
945 1258 1070 1343 partim
1097 1260 1322 1341 ἐπιτεταμένως
1351 1256 1472 1323 substi-

304 1377 447 1461 tuunt1),
470 1399 546 1463 quae
568 1377 682 1442 omnia
704 1377 776 1441 sine
799 1377 902 1444 dubio
925 1379 1124 1444 coniecturis
1142 1378 1332 1444 infelicibus
1350 1376 1472 1444 deben-

304 1505 369 1577 tur,
403 1519 512 1583 neque
541 1506 656 1564 tamen
685 1498 793 1583 magis
815 1498 1051 1584 improbabilia
1072 1507 1153 1564 sunt·
1180 1521 1283 1585 quam
1311 1521 1359 1574 ea,
1394 1520 1472 1584 quae

304 1621 341 1684 in
374 1619 491 1685 eodem
524 1618 689 1686 vocabulo
734 1621 915 1685 commenti
950 1629 1030 1686 sunt
1065 1621 1222 1686 Reiskius
1256 1627 1289 1686 et
1321 1620 1473 1706 Wytten·

305 1741 457 1820 bachium
486 1761 631 1825 quorum
653 1740 736 1806 alter
757 1741 1007 1824 ἕπεσπευσμὲνος
1029 1742 1084 1809 vel
1105 1744 1380 1825 ε’πιτεταχυσμένος
1403 1791 1408 1804 .
1434 1791 1440 1804 .
1465 1791 1472 1804 .

301 1863 513 1933 Ἀπολλώνιος
535 1863 567 1926 ἐν
588 1863 714 1946 μοίραις
743 1861 958 1928 scribendum
981 1885 1052 1928 esse
1075 1869 1188 1929 censet
1216 1863 1261 1947 (id
1284 1862 1375 1948 quod
1396 1863 1470 1948 ipse

305 1985 388 2050 mire
415 1983 523 2065 ,nimis
546 1984 611 2048 cito
633 2005 653 2047 a
670 1983 783 2048 Parcis
804 2005 983 2070 oppressus
1002 1991 1035 2050 et
1052 1992 1130 2050 ante
1148 1992 1282 2070 tempus
1299 1987 1468 2050 avocatus’

306 2106 460 2191 explicat,
494 2127 554 2190 ego
582 2105 720 2171 omnino
748 2106 961 2190 interpretari
993 2107 1145 2191 nequeo),
1179 2106 1262 2171 alter
1288 2107 1325 2170 in
1354 2112 1470 2171 annot.

306 2227 420 2292 critica
457 2249 527 2293 non
566 2226 637 2290 sine
676 2246 800 2310 magna
840 2225 1050 2292 dubitatione
1083 2229 1348 2310 ἀποτεταγμένος
1381 2277 1388 2289 .
1422 2277 1429 2290 .
1465 2277 1472 2290 .

203 2412 205 2416 .
301 2350 510 2419 Ἀπολλώνιος
531 2349 565 2412 ἐι
580 2349 705 2431 μοίραις
728 2347 949 2413 commendat.
985 2348 1239 2414 Dubitationem
1257 2349 1328 2413 eius
1345 2349 1488 2424 iustam¹

306 2491 376 2536 esse
404 2468 500 2535 docet
529 2469 708 2548 sententia;
741 2490 822 2533 nam
843 2469 891 2534 ite
912 2469 1029 2535 fictum
1058 2469 1229 2555 Apollonii
1256 2490 1468 2554 responsum,

306 2592 397 2677 quod
425 2599 507 2657 teste
536 2592 609 2676 ipso
637 2595 771 2655 auctore
800 2590 1001 2655 coniecturae
1028 2590 1229 2656 vertendum
1257 2598 1307 2656 est
1331 2591 1473 2677 ¹Apollo

306 2715 383 2779 nius
412 2714 547 2798 iniquas
579 2712 700 2778 habuit
731 2711 873 2790 Paroas',
912 2733 1048 2796 prorsus
1087 2734 1188 2777 sensu
1232 2733 1365 2777 cassum
1404 2721 1470 2792 est;

306 2841 539 2920 exspectamus
566 2833 658 2898 enim
687 2832 852 2897 rationem
880 2832 1030 2917 aliquam
1052 2833 1231 2919 Apollonii,
1265 2854 1333 2913 cur,
1366 2854 1472 2918 quan-

306 2978 410 3041 quam
428 2977 547 3039 verum
564 2975 634 3021 esse
656 2953 812 3019 solatium
832 2954 1001 3040 scriptoris
1018 2954 1069 3038 (ὃν
1086 2956 1116 3018 oi
1131 2955 1202 3019 drot
1213 2955 1289 3038 καί.)
1308 2954 1471 3036 concedit,

306 3076 411 3142 nihilo
449 3078 563 3143 minus
601 3076 732 3142 obitum
764 3076 986 3140 immaturum
1018 3075 1079 3140 filii
1112 3075 1271 3161 deploret.
1344 3075 1411 3142 Sed
1444 3077 1473 3142 si

306 3197 605 3284 Wyttenbachium
633 3198 815 3281 sequimur,
839 3195 1038 3281 Apollonius
1068 3196 1111 3261 ab
1138 3197 1212 3282 ipso
1242 3198 1401 3282 scriptore
1424 3199 1473 3264 sic

306 3320 446 3406 loquens
469 3318 649 3397 inducitur,
674 3324 713 3383 ut
734 3319 805 3382 eius
827 3317 931 3383 verba
953 3325 1190 3403 argumentum
1209 3339 1326 3384 versus
1343 3318 1473 3384 laudati

256 3507 257 3513 ,
306 3444 516 3529 impugnent,
535 3462 614 3506 cum
630 3441 668 3519 is,
688 3460 790 3524 quem
807 3439 982 3504 florentem
1004 3447 1100 3505 aetate
1117 3439 1152 3504 di
1169 3445 1305 3525 propter
1321 3461 1472 3505 amorem

306 3563 350 3630 ad
372 3585 406 3628 se
428 3564 605 3648 recipiunt,
629 3583 698 3627 non
721 3561 763 3626 ob
787 3568 930 3626 mortem
952 3562 1169 3627 immaturam
1193 3560 1315 3625 Parcas
1336 3561 1473 3646 iniquas

306 3684 463 3750 habuisse
486 3684 552 3750 dici
574 3684 687 3769 possit.
733 3683 819 3759 Quae
839 3684 877 3748 in
900 3683 1069 3750 animadv.
1098 3682 1273 3769 proposuit
1299 3682 1389 3748 idem
1419 3684 1473 3749 vir

307 3805 440 3871 doctus:
459 3805 659 3889 ἐπειγόμενος
671 3855 677 3869 .
691 3855 697 3868 .
711 3855 716 3868 .
729 3806 763 3868 ἐν
773 3807 900 3888 μοίραις
916 3811 977 3870 aut
994 3806 1213 3888 ἐπειγόμενος.
1227 3855 1233 3867 .
1247 3805 1472 3876 ,Ἀπολλώνιος

306 3929 441 4011 μοίραις,
464 3927 518 3992 vel
540 3926 631 4011 quod
654 3927 757 3991 nimis
780 3926 878 4012 longe
898 3949 918 3992 a
937 3926 1099 3993 librorum
1117 3926 1293 3992 discedunt
1310 3926 1471 4011 vestigiis,

307 4049 401 4115 omni
430 4046 663 4133 probabilitate
691 4048 775 4112 mihi
803 4069 914 4114 carere
936 4049 1103 4115 videntur.
1154 4047 1205 4112 Ne
1227 4048 1438 4134 Madvigium
1447 4049 1472 4105 ἣ

1364 4228 1467 4236 *-

343 4355 365 4422 1)
386 4358 462 4413 Unde
480 4358 646 4426 scripturam
665 4350 882 4421 ἐπιτεταγμένοι
902 4355 1051 4424 sumpserit
1069 4355 1264 4422 Bernardakis,
1283 4356 1384 4422 nescio.

343 4441 364 4508 'l
384 4445 461 4502 Conf.
478 4445 591 4501 Advers.
612 4445 668 4499 crit
687 4444 699 4498 I
716 4460 743 4512 p·
763 4441 824 4496 622.
