3306 5144
685 492 726 556 99

5 737 6 748 ,
116 706 150 769 ρ.
175 684 250 751 91ε
271 683 359 769 (cap.
384 683 469 768 IX).

205 803 268 868 εἶτα
289 811 426 888 χρῶνται
447 804 529 889 πρὸς
550 805 623 876 τοὺς
643 805 755 888 φίλους
775 805 863 870 αὐτοὶ
885 804 948 869 ὑπὸ
970 807 1146 890 συνηθείας,
1170 809 1210 871 ἂν
1230 806 1276 889 μὴ

119 927 321 1008 φυλάξωνται
341 925 423 1009 πρὸς
443 925 516 998 τοὺς
537 927 682 1010 ἐχθρούς.

205 1047 333 1112 Locum
359 1054 554 1135 corruptum
576 1069 646 1114 asse
668 1068 738 1112 non
759 1045 944 1113 admodum
966 1050 1093 1134 sagacis
1116 1056 1171 1114 ast
1186 1049 1280 1114 intal-
1408 1115 1410 1118 .

116 1169 237 1254 legera.
282 1168 416 1236 Dclcvit
435 1167 597 1234 audacius
619 1168 810 1234 Hcrcharus
830 1175 945 1234 contra
963 1169 1125 1236 librorum
1143 1190 1279 1236 consan-

5 1301 6 1378 ᾗ
116 1311 196 1354 sum
225 1311 410 1376 pronomen
438 1291 534 1364 αὐτοί,
563 1289 654 1374 quod
682 1311 761 1356 sanc
790 1290 969 1356 molestum
996 1298 1061 1371 ast3
1094 1265 1278 1359 verumne

115 1412 181 1478 hoc
205 1412 344 1497 quidam
366 1410 497 1476 sublato
519 1410 581 1490 val,
605 1418 644 1476 ut
663 1411 795 1478 mavult
815 1411 1082 1498 Barnardakis1),
1105 1414 1142 1478 in
1162 1414 1278 1484 αὐτούς

114 1540 259 1612 mutato,
288 1509 468 1600 toisrabilis
490 1553 608 1598 sensus
630 1533 779 1599 afficitur.
831 1532 920 1598 Nam
947 1535 984 1612 si,
1012 1534 1067 1601 val
1091 1535 1145 1600 his
1172 1541 1278 1600 muta
1363 1517 1365 1522 ¹

113 1654 278 1732 tionibus,
316 1655 474 1721 traditam
514 1655 714 1740 scripturam
755 1655 937 1739 sequimur,
977 1655 1128 1722 condicio
1160 1659 1199 1721 ἂν
1230 1656 1276 1739 μὴ

5 1751 6 1788 i
113 1777 320 1858 φυλάξωνται
352 1776 430 1862 (scil,
471 1775 619 1861 χρῆσθαι)
658 1775 740 1859 πρὸς
771 1775 844 1847 τοὺς
876 1773 1014 1860 ἐχθρούς
1047 1798 1168 1863 parum
1200 1783 1277 1862 apta

5 1971 6 1974 Ἴ
112 1897 264 1976 additur,
298 1898 423 1985 quippe
446 1919 522 1982 quae
544 1896 692 1982 quodam
714 1896 814 1962 modo
843 1898 937 1962 tollat
968 1897 1004 1963 id
1030 1899 1152 1984 ipsum,
1186 1898 1278 1983 quod

112 2039 312 2084 caussasse
335 2019 465 2098 dicitur,
490 2039 549 2084 cur
569 2019 723 2084 homines
746 2024 861 2084 contra
882 2019 1007 2084 amicos
1030 2018 1127 2084 maiis
1149 2018 1277 2084 artibus

112 2148 266 2207 utantur.
319 2140 434 2220 Grada,
464 2139 762 2226 Wyttsnbachium
783 2140 837 2204 his
858 2139 927 2205 fare
948 2139 1135 2206 rationibus
1156 2140 1279 2206 adduc-

111 2272 191 2326 tum
224 2262 424 2348 particulam
457 2263 504 2333 ὡς
534 2267 610 2349 post
641 2263 841 2345 φυλάξωνται
873 2260 1080 2328 intercidisse
1109 2285 1180 2329 non
1206 2263 1279 2328 sins
1348 2302 1387 2312 ν

110 2405 219 2448 causa
242 2384 449 2477 suspicatum
473 2404 558 2462 assc;
585 2382 644 2449 sed
665 2383 763 2468 plura
785 2382 908 2461 deesse,
932 2383 1078 2449 ostendit
1096 2385 1149 2452 vcl
1166 2386 1279 2452 hiatus

110 2505 219 2588 (αὐτοὶ
236 2504 328 2588 ὑπό);
351 2505 490 2572 fortasse
507 2505 627 2590 spiritu
643 2505 853 2590 pronominis
870 2511 1000 2572 mutato
1018 2528 1153 2591 unaque
1170 2506 1280 2572 littera

107 2626 231 2692 addita
247 2626 368 2692 lacuna
384 2627 431 2692 sic
453 2625 619 2711 explenda
640 2632 704 2692 cst:
728 2626 790 2691 εἶτα
812 2633 949 2711 χρῶνται
970 2628 1056 2712 πρὸς
1071 2628 1144 2700 τοὺς
1165 2629 1276 2711 φίλους
1301 2568 1325 2707 λ
1346 2608 1347 2612 ¹

108 2751 219 2820 οὓτοϊς
241 2748 305 2814 ὑπὸ
322 2749 498 2832 συνηθείας,
521 2750 560 2812 ἂν
577 2748 622 2832 μὴ
643 2749 851 2831 φυλάξωνται,
877 2755 1007 2822 »κακῶς
1025 2751 1088 2820 dc«
1108 2749 1189 2833 πρὸς
1204 2749 1277 2820 τοὺς

109 2871 270 2954 φέρεις
310 2869 350 2935 ει.
378 2869 465 2935 Plut.
496 2869 590 2934 nex.
621 2889 647 2934 ο.
671 2869 766 2936 xiv
794 2891 818 2935 s.
847 2870 903 2936 sn.
935 2871 1026 2954 ὅμως
1055 2872 1114 2936 oa
1144 2825 1328 2960 επαικοβ

5 3029 6 3072 3
108 2994 283 3076 χρώμενος
304 2993 407 3074 ἑαυτῷ
427 2990 509 3074 πρὸς
529 2990 602 3063 τοὺς
623 2992 790 3063 κινδύνους
812 2993 966 3075 ἀφειδῶς
989 2992 1136 3058 Demetr.
1155 3013 1182 3058 e.
1200 2993 1277 3058 Im.
1296 2964 1324 3055 ό

107 3120 176 3178 τῶν
205 3114 414 3196 κεχρημένων
436 3113 662 3193 ἀσκεπτότερον
683 3113 802 3192 αὑτοῖς;
836 3112 915 3178 ibid.
940 3134 966 3178 e.
990 3113 1075 3180 XIX
1097 3135 1140 3180 m.
1164 3115 1277 3197 ἐχρῆτο

109 3235 194 3316 πρὸς
215 3234 272 3305 τὰς
293 3233 411 3317 ἡδονὰς
432 3234 604 3316 ἀνειμένως
626 3235 722 3316 αὐτῷ.

104 3697 141 3759 p.
168 3675 246 3741 910
269 3674 354 3759 (cap.
378 3672 459 3756 IX).

201 3794 393 3860 Hcrcherus
421 3795 480 3860 vix
507 3801 594 3859 recta
629 3793 787 3858 traditam
817 3795 1017 3880 scripturam
1049 3796 1096 3860 ita
1118 3796 1278 3862 mutavit:

111 3921 201 4000 εἴπερ
225 3915 283 3980 οὗν
304 3888 413 3999 ὀρθῶς
435 3917 453 3980 ό
475 3916 677 3998 Πυθαγόρας
705 3966 711 3978 .
735 3966 741 3979 .
765 3965 771 3978 .
795 3917 916 3998 ὀρνέων
937 3941 969 3980 τε
990 3917 1096 4000 θήρας
1115 3924 1279 4001 παρῃτεῖτο

112 4039 169 4102 καὶ
209 4037 325 4121 βόλους
358 4038 542 4119 ὠνούμενος
586 4037 710 4120 ἰχθύων
742 4038 881 4101 ἐκέλευεν
914 4039 1038 4121 ἀφιέναι
1072 4041 1133 4103 κτλ.
1167 4076 1208 4084 -
1239 4039 1281 4103 In

154 4396 177 4463 ¹)
195 4399 255 4455 Vid.
276 4399 356 4454 editio
376 4400 443 4454 eius.
