3306 5144
170 647 207 712 p.
231 624 333 692 122d
355 626 445 710 (cap.
468 624 511 706 I).

264 747 443 830 Φιλόσοφος
473 746 533 828 γὰρ
555 744 584 809 εἷ
609 794 615 807 .
646 793 652 806 .
684 793 690 806 .
723 745 845 827 σώματι
875 793 881 808 .
910 746 1009 808 καίτοι
1042 745 1167 816 πλείους
1196 746 1235 808 ἂν
1263 744 1340 814 ἴδοις

174 871 243 933 ἐκεῖ
265 871 390 942 θεατάς,
425 870 507 932 ὅπου
542 867 703 950 θεωρικόν
731 890 757 929 τι
787 869 910 949 νέμεται
941 871 1005 936 τοῖς
1034 871 1198 938 συνιοῦσιν,
1232 866 1340 947 ὥσπερ

168 993 323 1075 Ἀθήνησι
344 991 407 1053 κτλ.

259 1113 443 1196 Postquam
462 1108 737 1175 commemoravit
748 1108 951 1193 Zeuxippus,
971 1128 1090 1173 verum
1101 1107 1339 1193 philosophum

172 1233 369 1299 Moschione
404 1230 514 1296 iudice
547 1231 709 1296 maiorem
741 1229 917 1295 medicinae
944 1249 1082 1314 operam
1111 1228 1190 1294 dare
1220 1227 1339 1295 debere

171 1376 279 1440 quam
296 1354 496 1438 geometriae,
520 1353 567 1418 sic
589 1352 711 1437 pergit:
738 1372 957 1438 ‘quamquam
979 1349 1094 1416 videas
1117 1349 1229 1435 plures
1251 1371 1340 1436 spec

169 1482 297 1542 tatores
314 1475 355 1539 iis
374 1474 463 1551 locis,
487 1473 546 1538 ubi
565 1494 707 1538 munera
724 1470 919 1537 hominibus
937 1471 1214 1538 convenientibus
1234 1472 1339 1536 distri-

170 1597 327 1663 buuntur
349 1595 442 1663 velut
463 1594 625 1660 Athenis’.
670 1593 743 1659 Iam
766 1593 1014 1678 comparativus
1031 1592 1204 1677 aliquanto
1222 1591 1339 1658 durius

171 1719 232 1783 hic
254 1718 382 1803 positus
405 1723 469 1795 est;
493 1716 552 1782 sed
574 1715 680 1780 multo
702 1715 810 1799 magis
832 1714 974 1780 offendit
990 1713 1074 1778 illud
1092 1715 1205 1793 καίτοι;
1228 1735 1338 1799 neque

171 1839 323 1916 omnino,
365 1845 533 1923 quantum
569 1837 678 1914 video,
717 1835 864 1901 ambitus
905 1834 960 1900 ifle
999 1834 1179 1902 verborum
1223 1837 1337 1899 καίτοι-

164 1961 321 2044 Ἀθήνησι
333 1958 587 2026 antecedentem
598 1958 799 2024 sententiam
812 1958 994 2022 continuat.
1025 1957 1169 2022 Proinde
1182 1958 1338 2056 lacunam

169 2087 252 2148 ante
279 2083 378 2145 καίτοι
408 2080 609 2165 signandam
638 2100 709 2144 esse
739 2078 845 2158 credo,
876 2087 909 2144 et
937 2079 974 2142 ni
1002 2078 1107 2156 fallor,
1138 2100 1209 2144 non
1229 2099 1338 2163 pauca

170 2201 425 2268 interciderunt.

160 2587 205 2653 p.
231 2563 326 2630 1230
347 2563 436 2648 (cop.
461 2562 545 2646 HI).
607 2595 609 2602 ·

259 2683 292 2748 εὖ
316 2685 376 2766 γὰρ
399 2685 563 2766 εἰρημένον
580 2682 615 2746 τὸ
636 2699 643 2715 ·
663 2683 735 2746 ἑλοῦ
757 2683 827 2765 βίον
848 2682 902 2746 τὸν
925 2683 1050 2763 ἄριστον
1073 2731 1079 2743 .
1103 2732 1109 2744 .
1134 2731 1141 2744 .
1162 2684 1216 2745 καὶ
1239 2685 1336 2748 οἰκεῖα

167 2807 422 2888 παρασκευάζειν
444 2804 506 2867 κτλ.

258 2927 310 2991 En
340 2926 431 2991 locus
459 2926 601 3011 pessime
629 2924 774 3002 habitus
810 2946 872 2990 nec
901 2926 1039 3003 codices,
1069 2925 1129 3010 qui
1156 2945 1273 2990 omnes
1300 2927 1337 2990 in

169 3047 294 3114 iisdem
327 3048 417 3113 vitiis
451 3047 674 3124 consentiunt,
709 3046 816 3110 ullum
848 3047 963 3112 ferunt
995 3045 1168 3112 auxilium.
1200 3084 1241 3092 -
1270 3046 1338 3122 Qui

171 3171 308 3255 singula
331 3168 524 3253 diligentius
546 3169 767 3254 persequitur,
792 3169 941 3254 primum
964 3168 999 3232 in
1022 3167 1133 3234 verbis
1155 3169 1201 3240 ὡς
1223 3171 1337 3234 ἕκαστα

170 3291 366 3368 offenditur,
385 3311 461 3374 quae
479 3290 612 3368 locutio,
632 3310 841 3374 quamquam
858 3311 933 3355 eam
952 3290 1105 3356 Graecam
1116 3310 1186 3354 esse
1198 3296 1336 3370 constat,

172 3433 285 3497 neque
308 3411 354 3476 sic
377 3412 458 3497 poni
475 3418 592 3497 potest,
617 3411 759 3478 verbum
776 3412 867 3476 onim
884 3410 1018 3476 nullum
1034 3410 1077 3475 ad
1096 3413 1209 3476 ἕκαστα
1228 3411 1339 3476 audiri

170 3539 283 3620 potest
291 3532 324 3616 ¹),
348 3539 380 3597 et
402 3553 538 3618 prorsus
554 3554 575 3597 a
594 3534 699 3597 nostri
718 3533 886 3618 scriptoris
906 3531 1147 3597 consuetudine
1165 3532 1336 3613 abhorrot;

174 3653 306 3732 deinde,
330 3654 461 3718 etiamsi
478 3655 525 3725 ὡς
536 3656 650 3719 ἕκαστα
670 3661 757 3718 recte
775 3674 809 3718 se
827 3652 974 3730 haberet,
992 3653 1129 3739 phrases
1142 3655 1221 3717 κατὰ
1239 3657 1338 3738 μέρος

174 3782 209 3841 et
236 3776 282 3847 ὡς
304 3777 427 3848 ἕκαστα,
457 3775 583 3860 quippe
605 3795 681 3859 quae
698 3774 788 3840 idem
807 3775 875 3839 iere
900 3775 931 3858 (i.
958 3796 985 3840 e.
1013 3775 1146 3859 singula
1170 3775 1337 3862 deinceps)

175 3896 372 3980 significent,
410 3896 465 3960 hic
493 3918 563 3961 non
595 3903 671 3982 apte
707 3902 1003 3980 componerentur;
1036 3917 1135 3981 porro
1168 3905 1338 3983 exspectes

174 4019 307 4081 ἕκαστον
323 4016 388 4101 (sol.
407 4016 497 4101 βίον),
517 4038 587 4083 non
604 4019 727 4091 ἕκαστα,
751 4017 843 4102 quod
860 4017 907 4082 sic
925 4017 1055 4082 infinite
1073 4019 1219 4103 positum
1237 4040 1337 4084 sensu

173 4144 274 4204 caret.
330 4138 408 4203 Huc
437 4137 574 4217 accedit,
602 4138 694 4223 quod
722 4139 887 4203 sententia
916 4146 1004 4223 apta,
1033 4147 1200 4224 quantum
1228 4140 1336 4220 video⁷

215 4423 236 4488 ¹]
255 4426 313 4482 vid.
333 4427 447 4494 Kriigeri
466 4433 559 4483 annot.
580 4429 616 4483 ad
634 4427 755 4498 Thucyd.
774 4427 793 4493 1,
812 4425 837 4492 3,
857 4427 881 4481 4.
