3306 5144
720 432 779 496 118

149 625 224 707 (οὐκ
252 623 545 705 ἀπᾴδειν-τούτων).
601 623 694 688 Num
727 645 762 690 re
793 645 873 690 vera
906 623 1113 690 conveniunt
1144 643 1222 688 cum
1254 623 1318 690 hoc

28 759 29 816 ἶ
147 745 278 810 ratione
307 744 485 830 scriptoris,
515 765 591 829 quae
624 746 738 811 statim
771 745 894 831 scripta
927 744 1096 811 videmus:
1130 745 1247 826 λέγεται
1282 744 1317 808 δὲ

28 885 29 892 ’
146 869 270 937 τούτοις
296 873 464 949 μαρτυρεῖν
492 868 545 931 καὶ
573 867 608 931 τὸ
636 868 726 932 θεῖον
748 887 754 901 ·
776 866 913 938 πολλοὺς
934 867 994 950 γὰρ
1015 867 1253 950 παρειλήφαμεν
1275 866 1313 930 δι’
1425 897 1430 908 ’

146 989 310 1071 εὐσέβειαν
341 989 429 1070 παρὰ
461 989 550 1054 θεῶν
581 989 695 1072 ταύτης
729 989 880 1073 τυχόντας
910 995 965 1071 τῆς
998 989 1146 1070 deipsis?
1198 986 1315 1053 Subito

144 1129 240 1174 mors
268 1129 310 1173 ex
336 1111 464 1174 incerto
495 1109 644 1193 quodam
666 1112 844 1196 proemium
865 1111 912 1188 fit,
946 1108 1037 1194 quod
1059 1130 1079 1174 a
1102 1109 1152 1174 dis
1175 1109 1315 1194 egregiae

145 1230 285 1315 pietatis
318 1251 419 1295 causa
451 1229 647 1296 hominibus
680 1229 787 1297 datur.
843 1231 963 1298 Nonne
985 1231 1094 1316 magis
1115 1231 1187 1297 veri
1208 1230 1316 1296 simile

144 1358 209 1430 est,
244 1358 320 1437 post
347 1354 502 1442 μεγίστων
531 1351 692 1418 excidisse
725 1352 848 1438 aliquo,
881 1354 918 1418 in
947 1351 1076 1444 quibus
1098 1352 1184 1416 alius
1218 1352 1317 1437 scrip-

143 1473 231 1538 toris
259 1473 450 1538 testimonio
480 1473 570 1558 (nom
598 1473 641 1539 ob
670 1475 813 1540 aliorum
841 1474 1014 1540 sententiis
1044 1472 1170 1558 ubique
1197 1473 1251 1540 vel
1279 1474 1316 1538 in

143 1595 302 1658 minimis
340 1593 439 1658 rebus
479 1594 722 1680 disputationes
760 1597 862 1662 huius
907 1594 1011 1661 libelli
1049 1594 1315 1680 proficiscuntur)

143 1714 316 1802 probabat
337 1722 459 1793 noster,
482 1723 625 1781 mortem
646 1738 717 1783 non
738 1717 838 1784 modo
860 1739 930 1783 non
948 1717 1077 1782 molum
1094 1737 1174 1794 esse,
1197 1715 1256 1782 sed
1272 1715 1316 1781 ab

144 1836 309 1904 omnibus
339 1836 436 1901 malis
463 1835 603 1903 liberere
633 1846 666 1903 et
694 1859 729 1903 re
751 1860 831 1905 vera
853 1837 981 1904 donum
1004 1859 1074 1903 esse
1097 1837 1246 1916 deorum,
1280 1838 1316 1901 in

144 1962 240 2026 hanc
263 1959 331 2024 fere
355 1959 570 2024 sententiam:
595 1959 671 2023 ἀλλὰ
693 1961 748 2024 καὶ
768 1966 881 2024 κακῶν
902 1966 966 2023 τῶν
987 1962 1142 2044 μεγίστων
1161 1961 1315 2024 ἀπαλλάτ-

144 2107 211 2146 τειν
240 2079 336 2144 αὐτὸν
358 2080 411 2143 καὶ
434 2080 559 2162 δωρεὰν
582 2081 669 2144 θεῶν
691 2057 769 2145 εἷναί
788 2106 883 2165 φησιν
905 2083 924 2144 ὀ
947 2081 1030 2145 δεῖνα
1053 2082 1163 2164 λέγων,
1195 2081 1315 2146 deinde

144 2209 284 2268 secutos
317 2221 387 2266 esse
418 2222 534 2266 versus
563 2202 694 2286 aliquos
726 2202 876 2268 eiusdem
907 2203 976 2268 iere
1010 2203 1225 2286 argumenti?
1280 2203 1316 2268 Si

142 2345 231 2392 vero
254 2331 304 2388 est
324 2323 397 2388 heco
420 2323 603 2402 sententia,
641 2344 745 2407 quam
774 2324 877 2389 etism
904 2322 1085 2390 verborum
1112 2323 1192 2389 ordo
1214 2325 1317 2389 inusi-

143 2453 241 2511 tatus
276 2451 308 2510 et
340 2465 436 2530 poene
469 2444 619 2530 poeticus
654 2444 778 2528 (κακῶν
804 2451 868 2509 τῶν
894 2445 1060 2529 μεγίστων)
1092 2445 1314 2525 commendat,

28 2609 30 2634 .
143 2572 255 2652 caput
283 2573 443 2650 quartum
473 2566 643 2631 decimum
669 2567 791 2631 rectius
819 2565 861 2632 ab
890 2567 967 2631 ἀλλὰ
989 2567 1042 2630 καὶ
1064 2573 1177 2631 κακῶν
1197 2567 1317 2652 incipit

28 2679 29 2712 i
141 2710 255 2774 quam
277 2686 319 2752 ab
342 2689 466 2769 λέγεται.

28 3083 29 3104 ¹
136 3015 176 3080 p.
204 2994 272 3060 109
272 2991 307 3081 f
321 2992 409 3078 (cap.
434 2992 532 3075 XV).

234 3116 254 3197 ἡ
286 3115 346 3196 γὰρ
376 3115 452 3196 αὐτὴ
483 3114 667 3183 κατάστασίς
694 3115 755 3177 ἐστι
782 3121 819 3197 τῇ
849 3114 912 3197 πρὸ
941 3121 995 3197 τῆς
1025 3115 1175 3196 γενέσεως
1196 3117 1215 3198 ἦ
1238 3116 1315 3198 μετὰ

108 3237 112 3247 '
141 3237 203 3319 τὴν
224 3236 375 3319 τελευτήν.

234 3356 319 3422 Haec
341 3356 444 3422 verbo
461 3356 614 3421 Gertzius
631 3377 700 3420 non
718 3356 789 3420 sine
806 3376 908 3420 causo
925 3363 964 3421 ut
979 3357 1314 3442 interpretamentum

143 3479 191 3545 ad
215 3500 333 3544 versus
355 3477 588 3543 antecedentes
612 3476 753 3542 delendo
775 3498 846 3542 esse
868 3478 1066 3563 suspicatur.

141 3819 180 3882 ρ.
206 3796 413 3880 110e(cap.
438 3795 554 3878 XVI).

237 3916 317 3980 Post
338 3937 454 3981 versus
477 3915 643 4000 quosdam
662 3916 767 4001 ignoti
786 3916 965 4002 scriptoris,
988 3937 1133 4002 quorum
1151 3917 1315 3983 sententia

28 4109 30 4130 μ
149 4043 214 4115 est,
239 4038 403 4102 maximos
426 4057 577 4121 quosque
599 4037 766 4103 humanas
789 4059 840 4103 res
863 4038 1005 4103 caducos
1028 4059 1108 4118 esse,
1134 4037 1237 4105 verba
1259 4038 1315 4104 ilia

28 4171 29 4176 ’
150 4164 357 4241 sequuntur:
380 4164 444 4222 τῶν
461 4161 634 4241 χρημάτων
653 4209 659 4222 .
678 4209 684 4222 .
704 4209 709 4222 .
728 4160 980 4243 διαφθαρέντων,
1003 4181 1079 4244 quae
1095 4160 1163 4224 ism
1182 4159 1315 4245 supro1)

194 4405 216 4471 ¹)
234 4410 263 4463 r.
282 4410 338 4464 111.
