3282 5146
782 473 819 536 ll

265 747 268 752 1
289 665 501 729 Postremum
523 663 668 730 breviter
690 663 1032 742 commemorandum,
1055 665 1093 729 in
1114 663 1224 729 libello
1247 665 1307 749 qui
1323 665 1370 729 in-

204 785 361 850 scribitur
394 785 670 868 Παραμυλλητικὸς
703 785 785 868 πρὸς
814 786 937 849 Ἂπολλ.
973 807 999 850 c.
1029 784 1182 850 XXXIV
1215 807 1246 870 p.
1280 789 1369 852 1190

206 906 357 972 solumD
375 913 546 972 auctorem
563 927 634 972 esse
650 906 831 972 scribendi:
854 908 928 969 ἀλλ’·
938 909 1014 976 ἴσως
1031 907 1200 988 ὑποτυχὼν
1217 909 1256 968 ἂν
1273 908 1369 989 φαίης

200 1029 389 1093 Ἀπολλώνιε
401 1030 524 1111 φίλτατε
534 1029 647 1111 σφόδρ’
662 1028 701 1110 ἦν
713 1029 941 1110 ἕπιτετευμένος
949 1026 972 1110 ι)
991 1029 1010 1091 ὁ
1021 1029 1182 1098 νεανίσκος
1195 1027 1368 1091 Ἀπόλλωνι

204 1151 259 1212 καὶ
276 1151 401 1232 μοίραις
423 1171 483 1234 pro
505 1149 657 1234 vulgata:
676 1151 886 1225 ᾊπολλώνιος
908 1150 942 1212 ἐν
962 1151 1095 1231 μοίραις.
1129 1148 1204 1213 Hoc
1226 1144 1367 1232 vestigia

204 1271 362 1355 genuinae
374 1271 546 1355 scripturae
566 1292 724 1349 servasse,
747 1270 831 1334 illud
849 1271 1039 1335 coniectura
1056 1270 1127 1348 niti,
1151 1268 1267 1336 videor
1283 1269 1368 1333 mihi
1383 1268 1410 1344 ss
1421 1245 1494 1322 s‘f-'ff
1502 1302 1505 1308 ·

204 1391 451 1456 demonstrasse
480 1393 516 1455 in
546 1393 763 1458 annotatione
790 1412 866 1456 mea
893 1390 1055 1455 adhunc
1083 1390 1203 1455 locum.
1256 1389 1368 1465 Quan-

205 1534 310 1597 quam
329 1512 435 1577 facile
464 1512 617 1598 pluribus
647 1513 808 1598 exemplis
838 1511 1011 1578 ostendere
1041 1533 1188 1596 possum,
1219 1510 1367 1576 codicem

205 1634 236 1699 D
258 1634 445 1719 vel'potius
468 1635 690 1720 archetypum
713 1635 784 1699 aius
806 1634 861 1698 hic
880 1633 947 1697 illic
965 1632 1215 1725 corruptissimo
1233 1652 1367 1717 quoque

204 1756 277 1821 loco
306 1755 359 1821 ab
372 1756 608 1841 interpolatore
631 1756 770 1821 licenter
792 1761 978 1821 correctum
1000 1775 1071 1818 esse
1094 1759 1127 1818 et
1148 1752 1368 1818 Duebnerum

203 1867 325 1942 rectius
349 1898 452 1962 quam
480 1877 625 1962 reliquos
655 1877 696 1942 da
726 1898 765 1942 eo
787 1875 961 1954 iudicasse,
990 1876 1063 1940 haec
1086 1875 1235 1940 sufficere
1259 1873 1365 1939 oredo.

203 1997 292 2061 Illud
319 1998 466 2082 quidem,
495 1998 587 2082 quod
614 1973 716 2084 supra
745 1997 824 2075 dixi,
854 1998 912 2064 vix
935 1996 1086 2074 dubium,
1116 1995 1200 2080 quin
1223 1996 1313 2060 cauti
1335 2001 1368 2059 θλ

205 2119 437 2203 circumspecti
459 2120 594 2184 editoris
617 2121 660 2184 sit
681 2119 740 2184 tali
761 2118 846 2184 libro
869 2140 939 2184 11011
955 2118 1097 2182 nimiam
1114 2116 1237 2182 habere
1255 2116 1364 2181 fidem.

288 2239 371 2304 Haec
415 2241 483 2305 lere
522 2240 628 2305 habui
676 2261 766 2324 quae,
813 2240 999 2304 maximam
1038 2245 1169 2323 partem
1211 2237 1254 2302 ab
1293 2237 1366 2302 aliis

203 2359 347 2445 sumpta,
383 2360 424 2425 de
458 2361 612 2426 codicum
641 2360 887 2427 necessitudine
917 2366 950 2424 et
979 2359 1174 2424 condicione
1204 2358 1365 2436 dicerem;

147 2491 149 2496 ’
202 2503 294 2546 1111110
327 2503 366 2547 θο
400 2490 555 2561 revertar,
592 2482 682 2547 unde
714 2489 785 2548 tota
816 2483 889 2546 haec
919 2481 1101 2566 disputatio
1129 2481 1277 2565 prolecta
1306 2484 1364 2543 est.

201 2603 283 2670 Dixi
315 2605 407 2670 0111111
440 2626 551 2689 supra,
586 2603 833 2689 desperandum
866 2623 946 2680 esse,
985 2602 1108 2686 scripta
1141 2600 1280 2665 moralia
1312 2599 1366 2666 vel

202 2725 359 2792 omnibus
388 2725 481 2790 libris
511 2726 571 2810 qui
598 2746 689 2790 nunc
718 2730 851 2789 exstant
880 2724 1056 2808 diligenter
1089 2719 1236 2787 excussis
1270 2728 1303 2786 et
1329 2721 1367 2787 in

201 2848 345 2913 familias
379 2847 565 2912 distributis
598 2852 666 2925 aut,
701 2847 729 2910 si
760 2847 825 2911 hoc
858 2846 971 2910 minus
1004 2845 1041 2908 in
1070 2843 1227 2909 omnibus
1257 2844 1365 2907 lacere

200 2968 322 3048 licebit,
341 2969 482 3053 singulis
493 2975 591 3046 recta,
609 2975 710 3053 prout
721 2968 864 3051 quisque
876 2972 1042 3032 vetustate
1054 2972 1087 3030 et
1098 2965 1172 3030 aliis
1183 2963 1365 3030 virtutibus

202 3091 341 3168 excellit,
365 3091 546 3169 aestimatis,
570 3089 645 3154 ideo
667 3089 774 3154 multo
796 3089 867 3153 iore
886 3087 1123 3165 emendatiora,
1147 3097 1251 3171 quam
1273 3105 1365 3149 nunc

162 3187 169 3192 ι
202 3217 289 3275 sunt.
341 3211 451 3276 Erunt
477 3212 626 3289 fortasse,
655 3209 786 3294 quibus
807 3211 893 3274 satis
909 3215 1103 3293 arroganter
1124 3195 1218 3292 loqui
1239 3205 1363 3284 videar,

203 3337 281 3397 cum
317 3331 389 3416 ipse
428 3331 538 3396 adhuc
576 3331 709 3395 nullum
749 3331 898 3396 codicem
930 3329 1110 3395 Moralium
1149 3328 1362 3412 inspexerim,

203 3452 262 3517 sed
281 3459 315 3518 et
329 3453 383 3517 his
402 3453 547 3517 rationes
564 3473 655 3517 meas
673 3473 744 3517 rem
755 3452 953 3537 probaturas
966 3472 1036 3516 esse
1049 3471 1153 3535 spere.
1189 3447 1364 3532 Singulare

201 3574 324 3639 horum
351 3573 514 3638 librorum
541 3574 650 3638 latum
677 3573 731 3639 vel
759 3573 823 3638 hoo
852 3579 1002 3650 testatur,
1032 3571 1132 3656 quod,
1166 3591 1244 3634 cum
1266 3569 1364 3652 longe

200 3696 347 3782 plurima
357 3695 545 3760 litterarum
557 3694 751 3759 Graecarum
762 3701 992 3771 monumenta,
1001 3714 1147 3776 quorum
1159 3691 1311 3776 exempla
1323 3711 1365 3755 ex

200 3818 296 3882 initio
316 3817 430 3882 saeculi
441 3816 612 3882 undecimi
624 3823 755 3883 servata
774 3822 862 3894 sunt,
874 3815 967 3882 velut
982 3813 1231 3879 comoediarum
1242 3812 1365 3877 Aristo-

200 3940 331 4023 phanis,
355 3938 604 4022 tragoediarum
615 3938 773 4023 Aeschyli
795 3924 833 4002 et
851 3936 1033 4022 Sophoclis,
1056 3943 1126 4001 11011
1147 3935 1204 4001 illa
1226 3934 1364 4020 quidem

201 4059 331 4124 mendis
350 4058 731 4144 interpolationibusque
750 4058 904 4144 pessimis
919 4064 1049 4136 vacant,
1067 4056 1103 4121 id
1114 4057 1316 4141 quodnemo
1327 4056 1364 4120 in

201 4179 357 4266 operibus
374 4181 556 4266 saepissime
566 4175 666 4246 ¹lectis
681 4186 714 4244 et
726 4179 899 4264 descriptis
908 4179 1065 4264 sperabit,
1084 4168 1143 4244 sed
1153 4178 1283 4243 lacunis
1294 4198 1364 4241 non

228 4447 250 4515 ¹)
269 4451 330 4519 Qua
349 4451 509 4507 auctoritate
526 4451 611 4507 fretus
629 4449 817 4506 Bernardakis
835 4443 1049 4518 ἐπιτεταγμένος
1069 4450 1216 4517 scripserit,
1234 4449 1336 4505 nascio.
