3282 5146
914 430 955 496 48

348 644 386 709 p.
409 623 454 690 34
454 623 488 712 f
503 624 592 708 (cap.
615 621 736 705 XIII).

436 782 479 791 -
499 745 553 808 καὶ
576 744 762 807 διδάσκοντα
784 744 856 814 τοὺς
877 745 967 814 νέους
989 743 1110 814 ὄνειδος
1125 743 1268 824 ἡγεῖσδοιι
1285 741 1339 804 καὶ
1355 741 1523 824 λοιδορίαν

351 866 387 930 τὸ
412 867 582 949 (χρήμασιν
599 866 706 946 ἄριστέ
726 865 779 927 καὶ
798 865 940 946 (δείπνοις
956 851 1063 948 ἅριστέ
1083 865 1145 936 καὶ,
1170 864 1280 948 ιποιοὶι»
1296 867 1316 945 ἢ
1334 863 1523 943 ὑποζυγίοις

352 989 461 1070 ἅριστέ
487 987 540 1049 καὶ
562 987 600 1069 νὴ
624 987 681 1050 Δία
703 995 749 1070 τῷ
770 988 867 1069 λέγειν
889 987 1003 1069 ἐφεξῆς
1027 987 1152 1068 εᾶρισιὲ.

437 1107 534 1172 Teste
553 1107 811 1192 Wyttenbachio
834 1129 855 1172 a
877 1107 992 1172 ceteris
1015 1105 1184 1171 codicibus
1202 1105 1392 1190 discrepant
1410 1105 1519 1170 Mosc.

351 1229 393 1294 Π.
424 1235 457 1294 et
486 1228 520 1306 O,
549 1229 586 1293 in
612 1228 735 1313 quibus
763 1229 797 1292 ιδ
826 1230 922 1311 λέγειν
950 1231 1063 1312 ἐφεξῆς
1091 1233 1206 1292 exstat.
1262 1227 1453 1311 Diligenter
1489 1233 1522 1290 et

352 1350 483 1435 copiose
513 1349 553 1415 de
581 1351 634 1415 his
656 1349 766 1415 verbis
790 1349 1004 1435 disputarunt
1031 1348 1158 1415 viride
1181 1347 1364 1414 Moralibus
1387 1348 1519 1433 optime

351 1472 462 1536 meriti
481 1471 770 1556 Wyttenbachius,
793 1470 985 1555 Madvigius
995 1469 1028 1555 1),
1051 1469 1315 1553 Bernardakis2),
1339 1475 1377 1533 ut
1400 1468 1519 1534 credat

350 1593 436 1676 quis
465 1593 524 1658 vix
551 1593 735 1677 quicquam
762 1591 835 1658 aliis
857 1591 911 1658 vel
933 1591 976 1672 ad
998 1591 1248 1657 emendandum
1269 1590 1323 1657 vel
1345 1590 1389 1654 ad
1412 1589 1518 1675 expli-

351 1714 499 1780 candum
531 1734 602 1778 esse
635 1712 797 1790 relictum.
864 1713 929 1782 Sed
963 1734 1041 1778 cum
1073 1713 1130 1792 illi,
1172 1711 1263 1797 quod
1295 1712 1517 1778 vehementer

352 1834 534 1900 dolendum
564 1841 622 1913 est,
656 1835 743 1899 inter
771 1855 805 1900 se
834 1834 1031 1920 discrepent,
1065 1834 1214 1918 singulas
1236 1833 1419 1919 sententias
1444 1831 1516 1896 dili·
1594 1871 1595 1928 p

349 1955 483 2040 gentius
495 1957 735 2022 examinemus
780 1956 1068 2041 Wyttenbachius,
1082 1957 1142 2041 qui
1152 1956 1281 2041 primus
1293 1953 1513 2020 difficultates
1594 1933 1595 1986 3

349 2077 462 2156 sensit,
502 2077 743 2144 demonstravit
781 2077 836 2142 ille
874 2078 1011 2163 quidem
1043 2077 1137 2156 bene,
1176 2076 1288 2142 locum
1321 2075 1433 2140 adhuc
1469 2073 1511 2140 ab

349 2198 507 2264 omnibus
540 2198 627 2264 male
656 2199 863 2264 intellectum
885 2205 918 2264 et
939 2221 1041 2284 prave
1063 2220 1199 2265 versum
1221 2219 1301 2276 esse,
1335 2196 1394 2262 sed
1417 2195 1512 2282 quod

317 2373 319 2380 ,
348 2320 420 2406 ipse
432 2321 569 2406 Amyoti
585 2322 857 2407 interpretatione
870 2321 996 2386 Gallica
1015 2320 1172 2406 deceptus
1184 2318 1321 2406 putatss),
1345 2318 1510 2384 excidisse
1562 2407 1565 2416 γ

176 2471 192 2533 Ἰ
220 2457 305 2537 3¹2⁸„
349 2442 478 2527 aliquid
500 2443 536 2506 in
557 2443 645 2508 hanc
666 2443 735 2507 fere
758 2443 972 2507 sententiam:
1001 2449 1118 2526 »atque
1140 2441 1223 2507 adeo
1246 2441 1319 2506 aliis
1341 2441 1377 2505 in
1396 2439 1509 2516 rebus

161 2517 166 2543 I

79 2569 83 2581 '
105 2593 111 2629 s
186 2603 205 2636 :i
225 2578 292 2636 ans,
348 2585 390 2629 ne
413 2565 527 2629 omnia
549 2563 705 2648 deinceps
722 2584 962 2641 recenseamus,
986 2564 1288 2649 praestantissime«,
1309 2569 1396 2627 certe
1409 2583 1466 2626 err
1487 2567 1508 2624 t.

347 2685 437 2750 Nam
477 2707 618 2770 sequens
659 2685 763 2750 oratio
802 2685 851 2748 δεῖ
887 2685 946 2768 γὰρ
987 2723 1029 2752 ,-
1060 2687 1113 2748 καὶ
1146 2686 1328 2768 ἀφιλότιμος
1360 2682 1509 2748 dilucide

346 2807 500 2886 ostendit,
525 2807 596 2895 eius
619 2806 711 2871 modi
729 2805 978 2892 appellationes
1002 2807 1117 2892 quales
1136 2813 1215 2871 sunt
1232 2805 1508 2892 praestantissime

345 2935 378 2994 et
415 2929 550 3014 optime,
589 2895 768 2993 Plutarcho
806 2928 915 2994 iudice
949 2929 1187 2994 contumeliose
1220 2928 1384 3013 usurpari,
1427 2947 1508 2991 cum
1594 2903 1595 2968 l

345 3048 444 3115 rebus
466 3049 642 3114 inutilibus
665 3056 698 3113 et
719 3049 904 3134 nugatoriis
927 3049 1171 3135 adiungantur;
1195 3050 1223 3115 'si
1246 3050 1283 3114 in
1299 3049 1386 3115 veria
1403 3049 1507 3113 virtu·

344 3169 434 3236 tibus
458 3169 690 3248 adhibeantur,
720 3191 845 3235 ornare.
891 3170 932 3234 In
954 3151 1189 3236 concamiare
1212 3192 1356 3236 errorem
1378 3170 1506 3236 Madvi-

342 3292 418 3376 gius
460 3291 545 3356 mihi
582 3292 749 3356 incurrere
788 3290 929 3370 videtur,
965 3292 1093 3376 cumei
1132 3294 1233 3364 θέλεις
1260 3295 1373 3376 ἐφεξῆς
1402 3293 1505 3375 ἄριστε

343 3412 558 3478 scribendum
594 3433 664 3477 esse
698 3419 825 3492 censet3
859 3415 887 3478 si
924 3414 1067 3495 ,daretur
1099 3416 1210 3502 optio’,
1243 3414 1430 3480 necessario
1464 3414 1504 3477 iis

343 3534 476 3613 finibus,
518 3556 602 3620 quos
641 3556 743 3620 supra
781 3536 817 3600 iu
850 3535 1101 3620 Wyttenbachii
1140 3544 1293 3603 sententa
1325 3537 1504 3602 refutanda

341 3654 552 3734 adumbravi,
582 3680 651 3722 non
681 3657 817 3722 arbitrio
840 3659 986 3743 optantis
1009 3659 1260 3745 circumscripta
1282 3665 1375 3725 esset.
1428 3659 1504 3724 Ter-

342 3775 409 3840 tius
442 3774 586 3862 denique
618 3779 851 3858 Bernardakis,
891 3800 1088 3865 quanquam
1127 3781 1239 3846 locum
1277 3802 1398 3846 sanum
1432 3800 1502 3846 esse

342 3895 477 3974 iudicat,
511 3919 546 3962 re
579 3921 648 3964 non
675 3900 859 3966 admodum
881 3923 901 3966 a
924 3901 1055 3967 duobus
1077 3902 1303 3987 superioribus
1327 3903 1499 3989 discrepat.

371 4234 392 4300 ¹)
412 4241 525 4296 Advers.
545 4241 601 4296 crit.
619 4244 656 4310 Ip.
675 4242 735 4297 615.

370 4323 391 4388 ²)
411 4327 534 4396 Symbol.
554 4345 580 4398 p.
600 4328 712 4384 39-40.

369 4409 392 4476 ³)
411 4416 441 4469 In
461 4417 602 4472 animadv.
622 4418 703 4474 adh.
723 4420 740 4473 l.
807 4457 811 4462 -
