3282 5146
914 459 1009 522 28·

352 649 528 715 definitum
546 656 771 735 expectamus.
796 649 885 715 Vera
904 649 1077 733 scriptura,
1095 668 1171 732 quae
1183 668 1253 712 una
1264 647 1374 711 littera
1385 652 1532 710 mutata

92 738 103 879 i
267 779 296 946 ll
351 771 482 836 restitui
513 777 631 856 potest,
666 771 810 835 occurrit
838 770 940 855 paulo
967 769 1069 834 inira:
1104 771 1224 833 ἔπαινοι
1254 768 1289 832 δὲ
1316 768 1369 831 καὶ
1396 768 1531 849 ψόγοι

351 895 454 976 πάσης
475 893 550 956 εἰσὶν
572 893 674 962 αἰκίας
696 892 933 974 ὠφελιμώτεροι
953 896 1017 960 τοῖς
1039 890 1223 972 ἐλευθέροις.
1262 888 1394 954 Scilicet
1415 889 1532 986 etiam

353 1019 466 1078 nostro
483 1012 555 1077 loco
573 1011 788 1077 scribendum
805 1013 1002 1095 παραινέσεσι
1019 1011 1072 1074 καὶ
1089 1012 1203 1093 ψόγοις
1218 1009 1533 1094 (adhortationibus

353 1139 387 1197 et
408 1131 744 1218 reprehensionibus).

349 1395 385 1460 p.
410 1373 473 1442 91>
495 1373 579 1460 (cop.
603 1374 724 1459 XIII).

417 1498 446 1558 τί
461 1495 518 1559 οὖν
530 1496 609 1559 ἐστιν
620 1497 638 1559 ὃ
650 1497 807 1578 βούλομαι
819 1496 926 1577 λέγειν,
939 1497 1045 1577 ἵνατῴ
1055 1495 1282 1577 παραδείγματι
1295 1495 1532 1577 φωτεινότερον

355 1619 480 1700 ποιήσω
501 1617 555 1681 τὸν
578 1616 680 1698 λόγον.
1395 1601 1398 1608 ’

442 1736 624 1802 Haeserunt
652 1737 689 1801 in
717 1735 828 1803 verbis
858 1739 907 1800 ἵνα
936 1745 983 1818 τῷ
1012 1736 1081 1801 iam
1110 1736 1337 1801 Heumannus
1370 1743 1404 1801 et
1434 1736 1533 1802 Heu-

358 1857 554 1941 singerus¹),
589 1877 651 1922 nec
680 1858 794 1922 minus
824 1857 1059 1941 uerebor-usa),
1094 1857 1154 1941 qui
1186 1877 1288 1942 prave
1322 1865 1355 1923 et
1386 1857 1533 1923 licenter

358 1981 409 2047 ἵνα
432 2015 473 2024 -
494 1978 549 2042 τὸν
570 1979 665 2061 λόγω
695 1978 837 2044 delenda
859 1999 930 2044 esse
953 1978 1091 2044 censuit,
1136 1978 1262 2044 Videor
1283 1979 1368 2043 mihi
1390 1978 1534 2044 demon-

360 2098 523 2182 strassoss),
554 2099 769 2165 scribendum
798 2121 883 2166 esse:
928 2102 957 2163 τί
984 2099 1043 2163 οὖν
1072 2100 1151 2163 ἐστιν
1180 2102 1199 2162 ὃ
1232 2101 1388 2182 βούλομαι
1417 2101 1531 2183 λέγειν.

240 2155 267 2322 δ
359 2223 485 2284 ίκανῶ
506 2222 734 2304 παραδείγματι
756 2223 982 2304 φωτεινότερον
1002 2222 1127 2302 ποιήσω
1149 2220 1203 2284 τδν
1224 2221 1347 2304 λόογον.

355 2464 460 2548 psit)
483 2462 503 2529 b
525 2460 608 2547 (cop.
634 2462 753 2546 XIV).

448 2583 595 2667 Scriptor
626 2582 730 2648 libelli
762 2590 942 2669 postquam
980 2587 1076 2651 initio
1110 2586 1228 2670 capitis
1261 2583 1345 2650 XIV
1385 2603 1534 2649 comme-

296 2679 299 2685 *
363 2703 516 2782 moravit,
546 2723 667 2789 pueros
697 2723 807 2770 comes
835 2712 868 2771 et
895 2706 1046 2772 affabiles
1069 2725 1139 2772 esse
1163 2705 1291 2783 debere,
1322 2711 1356 2769 et
1384 2705 1533 2789 gratiam

363 2825 542 2891 hominum
558 2824 623 2890 sibi
640 2827 873 2893 conciliaturos
888 2847 968 2906 esse,
987 2829 1015 2893 si
1026 2827 1197 2893 interdum
1208 2828 1243 2893 in
1256 2825 1532 2892 altercationibus

364 2945 565 3012 adversariis
587 2949 755 3026 cesserint,
779 2949 826 3013 sic
843 2950 965 3034 pergit:
989 2952 1125 3014 ἃτοίνυν
1134 2955 1199 3013 τῶν
1210 2950 1385 3032 εἰρημένων
1397 2947 1533 3019 οὐδενὸς

365 3067 455 3150 ἧττόν
478 3069 556 3132 ἔστιν
578 3069 655 3132 ἀλλὰ
672 3070 726 3132 καὶ
741 3070 861 3152 μᾶλλον
878 3071 1074 3166 ἐπιτηδερτέα
1090 3077 1154 3142 τοῖς
1170 3073 1252 3140 νέοις
1268 3069 1322 3132 καὶ
1340 3068 1378 3152 δὴ
1394 3068 1531 3131 λεκτέον.

365 3195 459 3252 ταῦτα
483 3188 574 3253 δ’έστλ
595 3189 649 3252 τὸν
669 3191 740 3272 βίον
762 3191 929 3273 ἀτύφωτον
951 3194 1065 3266 ἀσκεῖν,
1087 3191 1122 3255 τδ
1143 3192 1201 3274 τὴν
1222 3192 1359 3273 γλῶτταν
1380 3191 1532 3272 κατέχειν,

365 3309 401 3373 τὸ
422 3317 477 3394 τῆς
493 3311 591 3393 ὀργῆς
606 3311 755 3393 ὑπεράνω
774 3313 941 3393 γίγνεσθαι,
959 3313 994 3376 τδ
1011 3319 1075 3377 τῶν
1092 3319 1208 3396 χειρῶν
1226 3317 1358 3394 κρατεῖν.
1398 3309 1532 3375 Deinde
1619 3369 1620 3376 ,

365 3431 488 3497 horum
516 3430 649 3516 singula
666 3432 883 3516 'persequitur
905 3433 1134 3519 exemplisque
1156 3433 1309 3498 illustrat.
1356 3430 1422 3496 Sed
1443 3438 1534 3516 post
1619 3405 1620 3428 λ

367 3574 475 3649 αααιτι
504 3551 641 3636 reliquis
673 3552 769 3631 locis,
808 3554 917 3637 primo
950 3561 1103 3640 excepto,
1145 3539 1261 3620 ordine
1294 3553 1428 3619 inverso
1460 3573 1534 3636 per-

367 3675 525 3752 tractatio,
548 3673 592 3740 ad
614 3681 823 3759 postremum
840 3675 943 3753 venit,
965 3676 1038 3741 haec
1055 3675 1158 3742 verba
1174 3677 1355 3740 occurrunt
1371 3673 1413 3758 (p.
1435 3676 1476 3739 10
1487 3671 1532 3756 e):

368 3793 403 3856 ιδ
424 3796 527 3859 τοίνυν
547 3802 602 3878 τῆς
625 3797 761 3880 γλώττης
782 3800 906 3879 κρατεῖν
930 3796 1012 3880 (περὶ
1028 3799 1140 3861 τούτου
1152 3800 1221 3879 γάρ,
1238 3798 1345 3878 ὥσπερ
1357 3795 1534 3878 ὑπεδέμνγν,

369 3915 463 3977 εἰπεῖν
480 3915 601 3997 λοιπόν)
625 3919 657 3980 εἴ
667 3941 710 3987 τις
731 3916 848 4000 μικρὲν
869 3918 931 3980 κτλ.
967 3917 1142 3984 Omittitur
1157 3918 1261 4002 igitur
1277 3938 1298 3981 a
1315 3916 1474 4000 scriptore
1497 3917 1535 3980 in

370 4034 449 4099 locis
472 4034 645 4119 promissis
667 4037 850 4102 tractandis
878 4038 1007 4122 primus
1026 4017 1102 4123 Ι(τὸν
1123 4041 1193 4122 βίον
1216 4039 1382 4120 ἀτύφωτον
1405 4037 1535 4119 ἀσκεῖν).

370 4177 470 4186 ——--

399 4253 420 4318 1)
439 4256 469 4312 V.
488 4259 556 4310 nota
573 4254 694 4310 lluttenii
713 4255 795 4310 adh.
814 4256 832 4309 l.

399 4339 420 4404 ²)
441 4344 472 4398 ln
490 4343 581 4398 Herm.
600 4345 655 4398 vol.
675 4343 718 4397 XI.
738 4359 800 4411 pag.
819 4341 879 4396 228.

398 4425 419 4490 ³)
438 4429 522 4484 Nord.
541 4430 684 4486 Tidsskrilt
702 4430 719 4483 l.
738 4431 822 4485 suoi·
834 4431 852 4484 l.
870 4431 888 4484 l.
