3306 5144
719 474 777 537 121

166 665 314 750 quidem,
346 667 406 750 qui
437 667 542 731 fretus
571 667 767 731 auctoritate
795 665 918 732 codicis
947 666 978 730 D
1009 667 1257 748 εἀιτετευγμένος

159 787 336 851 Ἀπόλλωνι
358 788 411 850 καὶ
433 787 581 858 Μούσαις
603 786 817 853 scribendum
839 809 909 854 esse
933 790 1071 867 censuit,
1100 811 1219 856 vorum
1240 792 1332 858 inve-

160 909 253 974 nisse
283 909 452 987 existimo;
487 907 594 974 codici
622 907 670 972 illi
697 909 896 994 interpolato
924 911 999 996 plus
1028 931 1124 995 aequo
1151 912 1269 978 tribuit
1297 921 1331 979 et

160 1029 287 1095 locutio
310 1031 558 1113 ἒπιτετευγμένος
585 1032 643 1094 τινί
662 1030 721 1095 vix
742 1030 790 1095 ita
812 1033 893 1116 poni
915 1038 1032 1117 potest,
1064 1041 1102 1097 ut
1124 1033 1330 1117 significetur

162 1157 273 1236 ,aptus
301 1151 345 1216 ad
366 1150 514 1236 aliquid’.
560 1150 764 1229 Genuinam,
795 1158 833 1216 ut
860 1155 987 1239 opinor,
1018 1155 1219 1240 scripturam
1240 1177 1271 1221 v.
1297 1155 1327 1221 d.

160 1272 317 1337 Gertzius
341 1273 503 1358 sagaciter
521 1273 616 1352 eruit,
640 1294 753 1356 quam,
778 1281 911 1358 quaest
929 1274 1170 1354 benevolentia,
1195 1297 1329 1342 mecum

158 1394 440 1472 communicavit;
464 1394 653 1479 suspicatur
670 1395 760 1458 enim
779 1395 993 1461 scribendum
1016 1417 1086 1462 esse
1110 1399 1189 1460 »ὅτα
1212 1399 1326 1482 σφόδρ’

156 1515 202 1598 ἦν
247 1517 288 1578 ἔτι
332 1517 518 1600 γεγευμένος
553 1515 616 1599 (vel
654 1517 767 1600 potius
810 1518 1071 1602 θααγεγευμένυς)
1110 1519 1128 1582 ὁ
1167 1521 1328 1590 νεανίσκος

153 1636 373 1708 Ἀπολλώνιος
405 1637 573 1720 εὐμοιρίας.
641 1637 727 1702 Mihi
765 1638 902 1723 quidem
936 1640 978 1702 ἔτι
1010 1642 1196 1722 γεγευμένος
1229 1641 1327 1705 unice

156 1778 283 1824 verum
304 1779 375 1822 esse
397 1757 539 1837 videtur,
563 1758 621 1823 sed
644 1759 689 1822 ὅτι
711 1761 759 1832 οὐ,
777 1780 846 1824 non
863 1761 909 1824 ὅτι
925 1767 1003 1825 ante
1022 1761 1148 1844 σφόδρα
1166 1761 1327 1826 excidisse

156 1877 270 1943 credo.
317 1879 490 1944 Sententia
511 1879 691 1946 verborum
713 1881 891 1966 perspicua
913 1889 970 1947 est.
1074 1961 1075 1964 Ἴ

148 2212 193 2277 p.
218 2191 315 2256 12οε
336 2188 425 2275 (cap.
446 2189 639 2274 XXXVI).

250 2311 294 2374 Τὰ
323 2311 357 2375 δέ
384 2310 465 2393 πρὸς
493 2311 528 2374 τὸ
554 2311 659 2393 παρὸν
681 2314 786 2395 καίρια
809 2313 862 2375 καὶ
884 2314 1022 2395 χρήσιμα
1044 2313 1080 2376 τὰ
1102 2314 1251 2397 λεχθέντα
1272 2317 1327 2382 τὸν

19 2384 20 2425 1
148 2433 336 2516 Ἀθηναῖον,
360 2434 482 2515 ἑταῖρον
505 2433 539 2496 δὲ
561 2433 613 2495 καλ
635 2433 784 2516 μαθητὴν
805 2433 943 2515 Γοργίου
966 2441 1021 2497 τοῦ
1044 2437 1187 2518 ῥήτορος.

250 2554 303 2620 Sic
325 2553 356 2617 A
377 2559 411 2618 et
432 2553 475 2633 E;
506 2552 623 2619 eadem
653 2561 785 2619 exstant
812 2555 847 2619 in
876 2553 946 2621 cod.
971 2556 1006 2634 O,
1036 2557 1102 2622 nisi
1130 2558 1220 2642 quod
1240 2567 1326 2634 ¹ante

153 2675 311 2756 λεχθέντα
333 2675 500 2740 omittitur
521 2674 696 2755 articulus;
730 2676 758 2740 B
781 2675 819 2760 (si
841 2683 929 2742 recte
950 2677 1054 2744 verba
1075 2678 1327 2764 Wyttenbachii

153 2795 323 2873 intellexi)
345 2796 519 2881 vulgatam
542 2798 742 2882 scripturam
764 2797 799 2860 τὸ
821 2798 925 2879 παρὸν
942 2798 977 2862 δὲ
995 2801 1100 2882 καίρια
1117 2802 1170 2864 καὶ
1186 2805 1325 2886 χρήσιμα

153 2917 198 2980 τὰ
221 2918 370 3000 λεχθέντα
398 2918 453 2982 τὸν
470 2918 640 3002 Ἀθηναῖον
667 2917 809 3003 praebet3
843 2919 880 2982 in
907 2919 978 2984 cod.
1009 2921 1040 2984 D
1070 2927 1219 2988 extrema
1248 2947 1326 3010 pars

154 3039 264 3103 huius
293 3038 397 3103 libelli
423 3039 502 3104 inde
528 3061 548 3104 a
576 3039 687 3106 verbis
717 3041 807 3122 ὄνομ’
832 3042 894 3122 ἔχει
916 3040 957 3126 (p.
984 3045 1045 3108 120
1055 3042 1085 3128 a)
1107 3043 1277 3110 intercidit
1287 3046 1325 3131 1);

155 3159 353 3244 praepositio
374 3163 464 3243 πρός,
498 3182 600 3245 quam
622 3167 698 3246 post
718 3161 934 3247 participium
955 3163 1104 3246 λεχθέντα
1126 3167 1329 3252 interposuit

156 3280 331 3346 Henricus
359 3281 559 3367 Stephanus,
593 3288 676 3347 teste
705 3282 964 3373 Wyttenbachio
997 3287 1099 3352 variis
1128 3287 1326 3354 lectionibus

156 3401 314 3468 Jannotii
341 3411 374 3466 et
395 3403 545 3468 Turnebi
570 3403 669 3470 valde
695 3404 831 3469 incertae
854 3408 1060 3472 auctoritatis
1083 3408 1261 3488 debentur3
1290 3409 1328 3475 in

158 3522 233 3588 cod.
268 3523 295 3587 B
328 3523 392 3589 hoc
424 3525 496 3591 loco
537 3527 684 3611 spatium
716 3548 864 3593 vacuum
896 3528 1106 3613 relinquitur,
1145 3551 1207 3595 nec
1241 3532 1327 3596 mihi

159 3644 306 3710 dubium
333 3653 391 3724 est,
420 3647 504 3731 quin
533 3647 601 3712 iam
631 3648 805 3733 Xylander
831 3655 919 3714 recte
947 3649 1103 3714 lacunam
1126 3651 1325 3737 expleverit3

160 3767 304 3832 coniecit
331 3768 422 3832 enim
452 3767 666 3833 scribendum
694 3791 764 3834 esse
792 3770 940 3853 λεχθέντα
968 3770 1049 3854 ’πρὸς
1070 3772 1245 3837 Καλλικλέα
1272 3774 1326 3838 τὸν

154 3889 336 3971 Ἀθηναῖον.
388 3888 454 3955 Sed
481 3889 524 3954 ad
546 3890 682 3955 initium
704 3891 870 3957 lemmatis
893 3891 1082 3958 redeamus:
1118 3895 1235 3960 omitto
1256 3895 1327 3961 vul-

157 4015 276 4095 gatam
296 4011 496 4096 scripturam
513 4011 554 4095 (v.
568 4012 679 4097 supra)
697 4019 735 4076 ut
751 4034 771 4077 a
787 4012 922 4079 librario
939 4013 1076 4079 licenter
1091 4015 1326 4101 interpolatam
1347 4014 1351 4020 ’

158 4151 224 4196 nec
253 4130 322 4196 ulla
350 4131 414 4197 fide
445 4131 598 4217 dignam;
631 4134 840 4199 revocandus
872 4135 974 4214 locus,
1008 4142 1047 4200 ut
1078 4137 1147 4200 iam
1174 4137 1327 4202 iecerunt

198 4455 219 4521 ¹)
238 4459 296 4514 Vid.
317 4461 459 4516 annotatio
481 4461 575 4516 critica
593 4461 797 4530 Wyttenbachii
816 4463 853 4518 ad
870 4480 896 4531 p.
920 4462 969 4517 120
978 4481 1004 4519 a.
