3282 5146
759 452 798 516 13

198 647 252 709 καλ
280 647 344 709 ἀπὸ
373 654 476 729 πηγῆς
504 647 561 728 τὴν
591 646 762 727 ἐπιστήμην
790 650 893 726 τηρεῖν
922 644 1129 738 συμβέβηκεν.
1188 642 1362 732 Μθηθαω,

151 796 154 802 ’
199 766 291 851 quod
319 762 502 832 manifeSto'
524 767 561 830 in
588 766 642 830 his
664 765 774 831 verbis
797 765 885 843 latet,
915 765 1011 830 utin
1033 762 1362 848 sequentibusloois,

200 887 260 952 ubi
287 888 380 953 nulla
411 886 635 972 discrepantia
658 886 778 952 diserte
800 893 1090 964 commemoratur,
1114 905 1293 950 commune
1315 891 1365 948 est

200 1009 368 1073 omnium:
392 1009 429 1072 in
446 1009 572 1093 optimo
590 1007 847 1074 Vindobonensi
865 1011 926 1074 129
942 1021 1023 1092 post.
1039 1008 1227 1090 γεωργῶδες
1243 1006 1365 1070 lacuna
1475 1089 1476 1093 Ἰ

200 1130 281 1195 satis
303 1151 427 1214 magna
450 1130 609 1214 signatur.
622 1128 645 1213 1)
1199 1117 1201 1122 ’

56 1245 59 1252 ’
165 1333 167 1336 ¹
285 1250 367 1322 Πῶς
390 1253 439 1315 θεῖ
456 1251 510 1319 τὸν,
532 1253 603 1314 νέον
625 1253 811 1334 ποιημάτων
833 1251 960 1315 ἀκούειν
993 1271 1019 1314 ο.
1039 1249 1072 1313 ΙΙ
1094 1272 1125 1335 p.
1152 1253 1220 1315 160
1241 1249 1314 1318 τοὺς
1336 1250 1376 1311 δ”

201 1373 356 1436 Αἰσώπου
378 1379 441 1443 τοῖς
463 1375 547 1436 ἔπεσι
569 1373 697 1455 μύθους
718 1373 867 1455 ἐνόμιζεν.
917 1371 1031 1436 Etiam
1059 1371 1131 1436 haeo
1160 1368 1365 1454 probabilius
1421 1429 1423 1434 .

201 1493 323 1558 lacuna
353 1493 519 1579 explenda
551 1515 655 1577 quam
684 1493 815 1558 traditis
848 1491 959 1560 verbis
988 1473 1160 1556 mutandis
1194 1498 1364 1556 sanantur.

203 1614 318 1698 Comp.
343 1622 455 1680 annot.
479 1636 563 1680 mea.
688 1615 690 1618 ’
1105 1587 1107 1592 ¹

286 1736 368 1818 Περὶ
389 1743 445 1800 τοῦ
468 1738 595 1809 ἀκούειν
617 1757 643 1801 ο.
668 1735 753 1801 ΧΙΠ
774 1758 806 1821 p.
830 1739 872 1801 44
889 1734 925 1800 b:
951 1714 1072 1806 ’ἐκεῖνος
1092 1734 1152 1816 μὲν
1174 1734 1234 1816 γὰρ
1257 1734 1292 1796 ἐκ
1314 1758 1366 1815 φι-
1463 1779 1465 1784 -

202 1858 353 1940 λοσοφίας
381 1860 497 1941 ἔφησεν
524 1859 612 1940 αύτῷ
632 1859 862 1940 περιγεγονέναι
883 1857 918 1920 τὸ
940 1857 1041 1940 μηθὲν
1064 1857 1248 1938 θαυμάζειν,
1282 1853 1367 1918 οὗτοι
1456 1914 1457 1920 .

204 1978 238 2040 δὲ
267 1979 302 2041 τὸ
331 1979 432 2061 μηδὲν
461 1980 594 2041 ἐπαινεῖν
622 1980 705 2062 μηδὲ
734 1984 824 2061 τιμᾶν
854 1980 887 2041 ἓν
913 1985 959 2059 τῷ
982 1983 1191 2059 καταφρονεῖν
1212 1978 1367 2058 τιθέμενοι

203 2098 314 2160 καὶτὸ
337 2098 452 2180 σεμνὸν
473 2100 633 2180 ὑπεροψίᾳ
657 2100 831 2169 διώκοντες.
875 2071 1040 2182 Corrupta
1068 2099 1140 2164 haeo
1170 2082 1367 2183 essenemo

204 2239 275 2294 non
307 2217 484 2302 intellegit;
519 2218 602 2303 quid
634 2219 692 2282 alii
718 2219 783 2284 viri
811 2218 899 2283 docti
927 2225 1093 2296 censeant,
1122 2217 1205 2302 quid
1228 2239 1298 2303 ego,
1332 2219 1369 2282 in

204 2339 422 2404 annotatione
444 2341 592 2424 exposui.

288 2460 372 2531 Πῶς
393 2462 432 2524 ἄν
453 2486 498 2532 τις
521 2462 685 2544 διακρίνειε
706 2462 904 2525 τόνκόλακα
927 2467 982 2524 τοῦ
1005 2462 1098 2543 φίλου
1126 2481 1153 2525 o.
1177 2459 1314 2525 XXXII
1335 2482 1367 2544 p.
1458 2441 1461 2449 ¹

206 2587 291 2649 710:
314 2584 368 2646 καλ
390 2585 469 2647 τοῦτ’
495 2583 706 2666 ἀληθέστατόν
728 2584 807 2646 ἐστιν
829 2583 964 2646 ἐπὶτῶν
987 2584 1112 2665 ἑτέρους
1132 2583 1370 2646 νουθετούντων

124 2754 128 2761 -
203 2704 259 2768 καλ
298 2704 562 2787 σωφρονιζόντων
602 2704 778 2786 λεγόμενον.
836 2702 1043 2768 Exciderunt
1083 2709 1158 2788 post
1197 2704 1276 2767 ἔστιν
1315 2702 1385 2768 vel.

205 2827 317 2911 potius
334 2831 410 2911 post
426 2827 595 2908 λεγόμενον
611 2843 728 2892 versus
739 2831 800 2889 aut
810 2824 913 2891 verba
922 2798 1081 2909 quaedam
1092 2823 1177 2889 alius
1190 2823 1368 2908 scriptoria,

205 2968 282 3031 quae
311 2946 355 3012 ad
384 2945 618 3011 illustrandam
648 2947 849 3022 sententiam
877 2948 1037 3012 citaverat
1063 2945 1272 3010 Plutarohus.
1318 2943 1366 3008 Oi.
1437 2985 1439 2992 .

188 3074 318 3134 'annot
342 3089 426 3134 mea.

291 3189 373 3261 Πῶς
389 3192 428 3253 ἄν
444 3214 488 3261 τις
505 3191 646 3254 αἴσθοιτο
664 3181 776 3254 ἑαυτὸν
793 3189 1029 3272 προκόπτοντος
1045 3190 1091 3257 ἐπ’
1111 3189 1206 3270 ἀρετῇ
1223 3208 1249 3252 ο.
1268 3187 1370 3254 XVII

207 3330 239 3394 p.
261 3311 301 3375 85
312 3311 340 3374 f:
363 3311 398 3373 τὸ
417 3312 450 3374 θὲ
466 3313 568 3394 μηδὲν
583 3313 708 3376 οἴεσθαι
719 3314 784 3375 κατ’
800 3312 950 3394 αἰσχύνην
960 3312 1042 3394 μέγα
1054 3311 1128 3392 μηδ’
1143 3311 1223 3392 ἔχειν
1234 3310 1370 3391 εὐχερεῖς

205 3436 292 3494 ποιεῖ
316 3431 371 3494 καλ
398 3432 572 3514 ὀλιγώρους
598 3432 680 3514 πρὸς
701 3433 737 3495 τὰ
760 3435 867 3515 μικρά.
892 3467 895 3471 ·
918 3432 960 3497 In
989 3430 1194 3516 quibusdam
1222 3435 1273 3494 est
1301 3431 1366 3492 κατ’

206 3551 374 3635 Αἰσχύλον,
397 3552 434 3617 in
455 3551 529 3617 aliis
551 3555 764 3635 καταισχύνειν
769 3578 781 3629 ;
810 3553 939 3638 reliqua
960 3550 1044 3620 vitia
1065 3550 1259 3618 eommunia
1281 3556 1368 3627 sunt,

206 3678 308 3758 atque
327 3674 430 3738 etiam
441 3681 507 3739 tres
519 3673 592 3738 illas
604 3671 844 3759 discrepantias
861 3677 926 3738 κατ’
941 3663 1110 3756 αἰσχύνηνζ
1123 3675 1189 3736 κατ’
1202 3672 1369 3754 Αἰσχύλον,

170 3882 173 3888 Ι
206 3797 422 3878 καταισχύνειν
443 3817 486 3861 ex
507 3795 626 3861 eodem
646 3795 739 3860 fonte
761 3795 898 3860 fluxisse
920 3801 1073 3880 apparet;
1096 3817 1127 3860 v.
1148 3790 1260 3859 annot.
1284 3814 1368 3857 mea.

219 3933 220 3938 ’
291 3917 374 3988 Πῶς
400 3919 441 3996 Ιἄν
468 3942 513 3988 τις
541 3919 592 3981 ὑπ’
617 3918 747 4000 ἑχθριῖνν
776 3917 930 4000 ὠφελοῖτο
960 3937 986 3982 ο.
1009 3916 1060 3980 ΠΙ
1087 3938 1118 4002 p.
1143 3917 1181 3980 87
1206 3915 1242 3980 d:
1279 3922 1371 3979 τοῦτο
1458 4009 1460 4014 Ι
1520 3881 1522 3884 ¹

210 4036 267 4101 οὗν
295 4020 458 4122 ὠφέλιμόν
487 4031 560 4115 ἔστη
591 4041 674 4102 πάνυ
703 4039 763 4120 μὲν
790 4036 848 4102 ούν
871 4089 877 4101 ,
901 4088 908 4100 .
932 4087 938 4100 .
961 4038 1195 4121 εὐλαβούμενον
1229 4039 1286 4120 ζῆν
1317 4037 1370 4099 καὶ

207 4161 372 4242 προσέχειν
398 4162 502 4244 ἑαυτῷ
523 4162 585 4224 κτλ.
635 4160 808 4226 Sententia
834 4179 956 4228 manea
978 4167 1011 4225 et
1031 4160 1220 4245 interrupta
1240 4158 1370 4222 lacunae

207 4278 400 4360 tribuenda3
423 4304 455 4347 ε·
478 4288 591 4347 annot.
615 4303 699 4348 mea.

238 4455 260 4521 ¹)
279 4421 316 4516 v.
327 4459 453 4530 wessely
470 4462 488 4515 r.
506 4462 524 4515 r.
543 4478 570 4530 ρ.
589 4461 649 4515 aaa
