3282 5146
702 476 742 539 63

140 676 279 755 captent
315 670 593 746 benevolentiam,
637 668 876 754 philosophum
917 668 1084 750 exagitare
1125 667 1191 751 (eos
1231 690 1300 733 non

139 791 258 876 pudet)
280 794 350 857 cet]

130 1046 171 1110 ρ.
196 1025 276 1092 59α
297 1024 386 1109 (cap.
410 1023 528 1106 XVI).

228 1147 329 1229 εὐήθη
362 1147 494 1208 τοίνυν.
523 1192 529 1207 .
553 1191 559 1206 .
582 1143 618 1207 τὰ
650 1150 706 1208 τοῦ
739 1144 873 1217 Βίωνος,
907 1145 935 1207 εἰ
964 1144 1018 1207 τὸν
1050 1143 1150 1226 ἀγρὸν
1182 1145 1307 1227 ἔμελλεν

136 1269 352 1351 ἐγκωμιάζων
387 1268 527 1349 εὔφορον
555 1271 653 1329 ποιεῖν
681 1266 735 1329 καὶ
762 1267 931 1349 εὔκαρπον,
960 1267 1019 1330 οὐκ
1052 1268 1092 1328 ἂν
1116 1266 1304 1349 ἁμαρτάνειν

136 1390 244 1455 ἐδόκει
265 1396 356 1453 τοῦτο
383 1393 486 1451 ποιῶν
511 1387 632 1470 μᾶλλον
659 1389 678 1470 ἢ
708 1389 858 1450 σκάπτων
884 1387 937 1450 καὶ
964 1388 1132 1468 πράγματα
1161 1389 1245 1470 ἔχων
1267 1389 1306 1452 οὐ

134 1514 244 1576 τοίνυν
255 1512 322 1576 οὐδ’
343 1511 518 1592 ἅνθρωπος
534 1510 651 1578 ἄτοπος
669 1510 708 1572 ἂν
726 1511 772 1591 εἴη
792 1510 937 1581 ἐπαινῶν,
957 1509 1057 1578 εἶτοῖς
1068 1509 1305 1592 ἐπαινουμένοις

135 1633 303 1716 ὠφέλιμός
325 1633 385 1696 ἐστι
406 1632 460 1695 καὶ
480 1633 672 1714 πάμφορος.
695 1667 736 1676 -
759 1631 896 1694 ἐπαινῶν
915 1632 960 1713 εἴη
983 1629 1110 1694 habent
1132 1630 1203 1696 ced.
1227 1631 1300 1696 Par.

138 1758 222 1822 1211
247 1760 281 1819 et
302 1751 460 1832 Vulcoli,
483 1752 571 1816 inD
602 1757 710 1816 exstat
731 1733 794 1815 εἶτ’
825 1752 884 1815 οὐκ
913 1753 953 1815 ἂν
981 1753 1170 1834 ἁμαρτάνειν
1197 1753 1299 1816 ἐδόκει

135 1883 231 1961 τοῦτο
252 1876 298 1958 μὴ
321 1880 423 1939 ποιῶν
435 1923 442 1937 .
455 1923 461 1936 .
474 1923 481 1937 .
493 1876 585 1956 ἔχων.
623 1873 746 1938 Utrum
763 1873 875 1938 verius
894 1873 946 1951 sit,
970 1873 1103 1938 difficile
1122 1880 1172 1938 est
1194 1873 1302 1954 dictu;

136 2019 202 2082 ego
213 1997 388 2081 vulgatam
401 1996 601 2081 scripturam
612 1995 796 2078 genuinam
808 2015 878 2059 esse
890 2002 982 2080 puto.
1017 1995 1173 2060 Ceterum
1185 2017 1303 2060 omnes

136 2119 269 2185 codices
291 2117 415 2203 pariter
436 2117 500 2181 hoc
522 2116 594 2181 loco
611 2121 739 2180 scatent
755 2116 942 2181 manifestis
963 2117 1064 2199 vitiis,
1087 2138 1164 2200 quae
1186 2125 1300 2182 temen

135 2263 181 2306 ex
219 2247 313 2325 parte
346 2239 415 2303 iam
454 2238 593 2302 feliciter
633 2237 840 2302 sustulerunt
872 2237 937 2303 viri
969 2237 1074 2315 docti,
1111 2237 1206 2304 velut
1237 2239 1302 2304 Do-

135 2362 249 2427 bracus
259 2360 283 2446 ²)
316 2361 511 2443 ἀνθρώπους
543 2380 603 2444 pro
636 2359 810 2441 ἅνθρωπος
845 2358 1010 2424 sententia
1036 2359 1180 2443 flagitari
1212 2367 1301 2425 recte

134 2482 312 2559 intellexit,
355 2480 528 2566 Jagernsss)
571 2483 745 2563 πάμφορος
785 2477 1001 2566 probabiliter
1040 2481 1076 2544 in
1115 2481 1301 2564 πρόσφορος

135 2604 293 2671 mutavit.
349 2603 469 2668 Totam
507 2609 719 2681 structuram,
749 2600 1009 2687 Wyttenbachio
1042 2601 1152 2668 iudice
1186 2603 1300 2668 obscu-

135 2727 260 2792 riorem
290 2724 383 2789 illam
404 2723 541 2808 quidem
564 2730 597 2788 et
618 2723 815 2788 inusitatam
837 2723 895 2788 sed
918 2745 1045 2795 sanam,
1075 2724 1168 2789 nullo
1198 2725 1299 2790 modo

136 2846 275 2913 delendi
293 2866 389 2932 posse
407 2845 598 2910 Hercherus
615 2845 734 2924 sensit;
757 2866 876 2911 verum
899 2847 1056 2911 correctio
1079 2847 1159 2924 eius,
1184 2868 1299 2931 quam-

136 2991 242 3054 quam
265 2989 334 3033 non
356 2966 540 3031 admodum
562 2966 678 3031 audax*
696 2973 754 3045 est,
785 2975 899 3032 tamen
927 2967 986 3034 vix
1013 2966 1148 3053 probari
1170 2975 1295 3053 potest;

138 3089 254 3156 scribit
293 3089 384 3154 enim
427 3090 456 3152 εἰ
497 3139 503 3151 .
538 3138 544 3150 .
580 3137 586 3150 .
625 3089 748 3171 ἔμελλες
792 3139 798 3152 .
833 3140 839 3152 .
873 3139 880 3152 .
931 3091 990 3153 οὐκ
1034 3092 1073 3153 ἂν
1112 3091 1300 3172 ἁμαρτάνειν

138 3213 259 3283 ἐδόκεις
282 3262 288 3274 .
313 3261 319 3274 .
343 3261 349 3273 .
373 3211 411 3273 οὐ
433 3212 536 3274 τοίνυν
558 3211 625 3273 οὐδ’
650 3212 845 3295 ἀνθρώπους
867 3213 984 3283 άτοπος
1006 3215 1045 3276 ἂν
1066 3213 1130 3295 εἴης
1153 3213 1299 3284 ἐπαινῶν,

138 3337 167 3399 εἰ
191 3341 255 3405 τοῖς
283 3335 519 3416 ἐπαινουμένοις
541 3335 703 3416 ὠφέλιμος
725 3335 779 3416 ἔσῃ
803 3334 856 3397 καὶ
877 3334 1071 3417 πρόσφορος.
1126 3333 1170 3397 Ni
1204 3333 1301 3398 fallor

139 3477 283 3541 pravum
311 3461 362 3519 est
388 3456 542 3547 futurum
572 3457 637 3538 ἔσῃ,
670 3455 761 3540 quod
791 3455 948 3539 equidem
971 3454 1126 3540 expedire
1157 3475 1298 3538 nequeo,

140 3599 219 3642 nam
242 3577 312 3642 sive
335 3597 374 3641 eo
396 3576 574 3641 consilium
596 3577 778 3641 laudatoris
801 3577 1009 3661 significatur
1041 3575 1090 3660 (si
1113 3575 1204 3640 utilis
1227 3596 1298 3639 esse

140 3698 220 3784 vis'),
254 3697 410 3782 fingitur,
445 3698 513 3763 iam
541 3697 808 3763 demonstratum
837 3719 922 3776 esse,
962 3696 1097 3762 laudem
1125 3697 1300 3762 omnino

142 3819 257 3885 utilem
287 3840 373 3897 esse,
406 3818 442 3884 id
465 3819 557 3904 quod
589 3841 658 3884 non
680 3827 743 3898 est;
778 3820 848 3886 sive
877 3819 995 3884 Latine
1022 3819 1299 3904 interpretamur:

146 3941 241 4020 ,utilis
274 3941 359 4019 eris’,
392 3941 413 4005 1.
437 3961 480 4006 e:
515 3942 543 4005 si
570 3941 607 4006 in
628 3941 743 4006 luturo
765 3940 948 4027 apparebit,
982 3948 1014 4004 te
1037 3941 1155 4005 utilem
1188 3942 1301 4019 luisse,

144 4083 184 4126 ex
204 4071 328 4130 eventu
346 4062 521 4146 colligitur,
545 4061 752 4128 laudatorem
764 4069 851 4128 recte
868 4062 1038 4142 laudasse;
1062 4084 1181 4129 verum
1203 4063 1232 4126 si
1249 4084 1301 4127 res

173 4279 193 4347 ¹)
211 4283 248 4338 Cf.
268 4283 343 4352 precs.
363 4283 551 4338 Bernardakis
569 4301 595 4352 p.
617 4285 710 4339 XXIX.

172 4365 192 4430 ²)
211 4371 250 4426 Cf.
268 4371 439 4426 Adversaris
457 4372 516 4425 eius
535 4372 591 4439 lp.
612 4371 671 4424 141.
708 4372 776 4426 Edit.
795 4372 914 4427 Bcrolin.
953 4372 1029 4427 1874.

174 4452 194 4522 ³)
212 4457 250 4513 Cf.
269 4457 425 4514 Zeitschiilt
443 4458 459 4512 f.
480 4459 523 4514 die
541 4459 745 4514 Alterthumsw.
784 4459 852 4513 1842
871 4477 897 4529 p.
919 4460 994 4516 1035.
