3306 5144
870 421 912 484 90

309 615 422 674 turam
451 617 558 676 ortam
588 633 659 676 esse
688 612 914 696 geminatione
936 611 1039 676 trium
1061 612 1247 678 litterarum
1269 614 1361 679 vocis
1383 620 1476 678 ante-

311 732 466 798 cedentia.
521 732 647 809 Restat,
683 738 722 796 nt
748 732 953 818 explicemus
980 733 1083 799 verba
1110 735 1159 798 ea
1186 735 1299 817 λόγοις,
1332 755 1408 819 quae
1437 735 1477 799 in

311 854 377 918 fine
405 855 523 939 capitis
553 860 741 932 occurrunt,
772 875 915 938 quaeque
945 855 1043 920 tacite
1066 856 1252 921 omiserunt
1274 857 1475 941 interpretes

311 982 449 1060 excepto
472 975 704 1053 Kaltwassero,
735 997 844 1060 aquo
867 997 935 1041 non
958 983 1045 1041 recte
1067 976 1234 1041 intellecta
1257 983 1353 1056 sunt;
1385 977 1476 1060 λόγοι

198 1067 231 1113 ‘⁷
240 1041 300 1182 ss,
311 1095 502 1179 significant
518 1094 787 1181 philosophiam,
816 1096 1014 1165 doctrinam
1024 1097 1062 1182 1),
1091 1099 1143 1161 ἐπί
1156 1097 1336 1184 praetera,
1365 1105 1404 1163 ut
1426 1100 1476 1164 sic

220 1207 226 1217 ¹
310 1217 379 1280 lere
401 1216 601 1282 vertendum
629 1218 687 1282 sit:
723 1219 862 1299 ,Verum
888 1225 927 1283 tu
954 1219 1025 1304 ipse
1055 1219 1236 1297 considera,
1266 1227 1381 1285 utrum
1408 1220 1476 1285 hoo

310 1339 479 1424 profectus
509 1340 644 1424 signum
677 1341 720 1404 sit
752 1361 797 1404 an
827 1338 963 1404 habitus
998 1341 1104 1405 animi
1136 1348 1257 1426 praeter
1284 1341 1476 1444 doctrinam

1182 1441 1317 1456 *θ’*

311 1461 414 1526 etiam
437 1462 661 1526 constantiam
683 1469 716 1526 et
735 1462 929 1526 firmitatem
951 1461 1082 1547 adepti’.

303 1727 340 1791 p.
362 1706 406 1773 85
407 1706 441 1794 f
457 1706 543 1790 (cap.
568 1705 704 1788 XVII).

394 1877 400 1889 .
425 1877 430 1889 .
455 1877 461 1889 .
488 1827 524 1890 τὸ
554 1827 588 1890 δὲ
616 1827 718 1910 μηδὲν
745 1828 866 1890 οἰεσύαι
893 1830 959 1890 κατ’
990 1828 1139 1910 αἰσχύνην
1169 1829 1251 1909 μέγα
1279 1830 1354 1910 μηδ’
1391 1830 1476 1911 ἔχειν

309 1949 444 2031 εὐχερεῖς
465 1954 549 2012 ποιεῖ
566 1949 620 2011 καί
642 1949 816 2030 ὀλιγώρους
838 1948 919 2030 πρὸς
940 1949 977 2011 τὰ
999 1950 1105 2032 μικρά.

395 2070 448 2136 stc
472 2070 506 2147 Ο,
536 2071 650 2148 Turn,
679 2069 786 2148 Vulc,
817 2070 938 2154 Bong.;
968 2070 1005 2133 in
1027 2069 1100 2134 aliis
1123 2091 1190 2134 non
1214 2070 1360 2136 melioris
1383 2078 1474 2135 notae

308 2194 522 2275 καταισχύνειν
554 2198 678 2270 exstat;
712 2191 886 2275 vulgatam
912 2194 978 2254 κατ’
1007 2191 1166 2274 Αἰσχύλον
1197 2199 1285 2257 recte
1313 2196 1351 2255 ut
1378 2192 1475 2256 omni

309 2334 409 2377 sensu
442 2320 475 2378 et
507 2314 704 2380 auctoritate
737 2334 866 2378 cassam
899 2312 1041 2397 explosit
1072 2311 1361 2396 Wyttenbachius,
1401 2314 1472 2398 qui,

309 2436 420 2499 nescio
450 2434 628 2519 quomodo,
663 2435 844 2519 scripturas
874 2433 1028 2498 codicum
1055 2433 1285 2499 Parisinorum
1318 2435 1374 2499 hic
1401 2456 1473 2499 non

308 2562 461 2621 accurate
484 2563 641 2633 recenset,
664 2576 862 2640 quanquam
883 2554 947 2619 hoc
968 2555 1005 2619 in
1024 2555 1095 2619 loco
1114 2562 1185 2620 tam
1201 2555 1297 2620 foede
1315 2561 1473 2641 corrupto

308 2679 455 2743 maxime
485 2676 672 2763 optandum
702 2684 780 2741 erat.
835 2675 987 2741 Editores
1017 2677 1224 2754 recentiores,
1258 2678 1319 2762 qui
1346 2683 1379 2741 et
1406 2677 1472 2762 ipsi

309 2799 456 2864 maxime
467 2799 697 2864 Parisinorum
719 2799 916 2863 auctoritate
938 2798 1102 2876 nituntur,
1126 2796 1330 2883 discrepant:
1361 2797 1473 2864 Duob-

309 2942 410 2985 nerus
439 2921 660 3005 καταισχύνειν,
691 2920 882 2984 Hereherus
912 2926 945 2985 et
971 2919 1194 2986 Bernardakis
1222 2923 1288 2983 κατ’
1320 2921 1472 3003 αἰσχύνην

310 3042 522 3127 scripserunt.
566 3043 606 3107 In
629 3049 722 3106 tanto
745 3041 895 3107 virorum
918 3040 1092 3106 doctorum
1109 3041 1240 3106 silentio
1258 3041 1341 3105 scire
1358 3039 1470 3120 velim,

310 3185 394 3228 num
422 3185 456 3228 re
484 3184 564 3229 vera
592 3162 817 3227 intellexerint
845 3163 910 3247 ipsi
933 3169 965 3227 et
987 3184 1069 3227 sana
1092 3161 1301 3240 crediderint,
1335 3183 1412 3246 quae
1434 3163 1471 3228 in

309 3283 512 3350 editionibus
534 3290 735 3370 posuerunt;
765 3283 932 3368 equidem,
963 3285 1032 3349 sive
1054 3283 1142 3348 hanc
1165 3284 1235 3349 sire
1257 3283 1350 3348 illam
1372 3283 1472 3368 scrip

309 3414 422 3471 turam
444 3428 573 3492 sequor,
608 3406 699 3470 etin
721 3404 862 3490 singulis
884 3404 995 3471 verbis
1018 3410 1050 3469 et
1071 3405 1109 3469 in
1131 3405 1289 3471 universa
1311 3406 1471 3470 orationis

310 3530 476 3595 sententia
498 3526 641 3605 offendo,
666 3527 790 3613 quippe
814 3527 910 3592 cuius
932 3527 1068 3592 initium
1091 3525 1135 3611 (τὸ
1154 3526 1296 3611 ὅὲ-ἔχειν)
1318 3547 1361 3590 ex
1377 3547 1472 3592 voca-

310 3648 398 3714 bulis
426 3672 521 3735 paene
548 3659 673 3715 temere
701 3649 852 3714 conflatis
881 3648 1104 3733 compositum
1126 3669 1196 3713 esse
1219 3647 1381 3714 videatur.
1435 3648 1472 3713 Si

310 3792 352 3835 ex
373 3770 426 3834 his
447 3772 548 3854 μηδὲν
570 3773 691 3836 οἰεσύαι
709 3774 775 3834 κατ’
800 3771 950 3854 αἰσχύνην
972 3769 1036 3853 (vel
1053 3768 1277 3853 καταισχύνειν)
1294 3771 1375 3852 μέγα
1392 3771 1468 3854 μηδ’

309 3894 390 3975 ἔχειν
407 3893 543 3957 omnino
561 3914 678 3957 sensus
698 3892 772 3956 elici
790 3890 961 3977 poteratl),
984 3891 1012 3955 is
1030 3890 1169 3954 minime
1185 3889 1265 3955 huic
1282 3890 1353 3955 loco
1371 3898 1471 3976 aptus

346 4130 366 4196 ¹)
387 4132 426 4189 Cf.
446 4133 513 4187 Plut.
534 4131 604 4185 Dion
624 4149 645 4185 c.
665 4132 700 4186 XI
718 4123 803 4196 ἄνδρα
822 4123 1044 4196 πεπαιδευμένον
1068 4123 1132 4194 περὶ
1158 4122 1258 4195 λύγοιν;
1286 4130 1351 4184 ibid,
1370 4148 1392 4186 ρ,
1413 4132 1472 4188 XIII

387 4214 457 4288 φοροί
482 4214 510 4268 δέ
534 4235 574 4270 τις
597 4207 631 4283 ἦν
655 4213 704 4268 ε’πί
725 4213 818 4285 λύγους
837 4212 885 4266 καὶ
905 4213 1090 4285 palocopiam
1116 4216 1182 4271 ibid.
1202 4232 1224 4270 c.
1243 4217 1313 4273 XVII
1337 4223 1383 4267 καὶ
1404 4215 1470 4284 περὶ

388 4303 480 4376 λόγους
502 4301 549 4355 καί
567 4301 631 4370 περὶ
652 4300 819 4373 φιλοσοφίαν
838 4299 1004 4369 εὐσχήμονας
1023 4297 1176 4370 διατριβάς.

345 4393 366 4460 ²)
386 4397 482 4465 Comp.
500 4396 591 4451 Madv.
611 4393 688 4464 Synt.
707 4391 753 4448 Gr.
771 4391 789 4459 ἓ
807 4393 849 4458 73,
868 4392 892 4454 2,
913 4393 938 4448 d.
