3282 5146
880 394 921 456 52

403 583 486 647 Haec
507 583 555 648 ita
576 584 644 648 lere
667 584 928 668 interpretantur
950 585 1014 650 viri
1033 584 1122 650 docti
1130 584 1167 668 1);
1191 607 1260 650 non
1279 591 1329 650 est
1347 591 1489 670 tempus

319 702 381 768 tibi
415 703 456 768 de
489 704 542 768 his
575 704 817 788 quaestionibus
850 705 1028 790 cogitandi,
1063 705 1122 771 sed
1155 727 1223 790 quo
1251 713 1349 791 pacto
1382 707 1489 785 fastu,

319 825 518 909 arrogantia,
541 825 711 890 amoribus
733 826 899 910 nugisque
922 826 1081 892 liberatus
1104 833 1164 892 cet.
1212 827 1340 894 Verum
1361 829 1492 913 partim

319 946 550 1011 membrorum
581 967 689 1011 nexus
717 948 776 1013 vix
805 947 986 1013 tolerabilis
1016 955 1073 1026 est,
1108 969 1187 1013 curn
1214 955 1246 1014 et
1275 948 1487 1014 desideretur

318 1089 405 1152 aegre
438 1069 628 1133 coniunctio
662 1068 852 1153 copulativa
885 1077 960 1155 post
988 1071 1172 1143 ἀλαζονείας
1201 1091 1262 1136 nec
1291 1075 1362 1134 tarn
1391 1078 1486 1136 arcte

317 1190 405 1254 inter
427 1212 460 1255 se
483 1191 671 1256 cohaereant
692 1192 807 1273 ἔρωτες
829 1196 862 1255 et
883 1191 1030 1274 φλυαρία,
1053 1197 1092 1255 ut
1113 1198 1190 1276 apte
1207 1194 1305 1254 τεκαί
1319 1193 1485 1276 coniungi

318 1311 456 1396 possint,
495 1312 618 1396 partim
656 1332 810 1376 amorum
847 1313 1119 1376 commemoratio
1151 1312 1231 1376 hinc
1264 1312 1484 1392 alienissima,

318 1431 377 1496 ubi
407 1431 447 1497 de
469 1433 509 1497 iis
539 1433 629 1498 vitiis
657 1433 776 1517 agitur,
807 1431 931 1516 quibus
959 1431 1187 1498 adulescentes
1210 1433 1254 1498 ad
1276 1435 1485 1518 quaestiones

317 1553 520 1619 difficiliores
542 1554 702 1638 magistro
724 1553 958 1638 proponendas
981 1553 1211 1639 impellantur.
1259 1555 1323 1619 His
1347 1556 1486 1620 rationi-

316 1674 380 1740 bus
392 1675 557 1740 adduotus
568 1674 672 1741 verba
682 1674 739 1738 illa
752 1676 881 1757 ἐρώτων
892 1700 923 1739 τε
941 1681 979 1740 ut
993 1675 1303 1760 interpretationem
1323 1676 1483 1756 alienam,

318 1817 394 1881 quae
411 1818 520 1861 errore
537 1797 572 1860 in
585 1797 770 1861 orationem
781 1797 922 1882 irrepsit,
940 1796 1090 1862 eicienda
1102 1817 1172 1862 esse
1184 1804 1275 1882 puto.
1323 1798 1482 1863 Ceterum

316 1918 457 1982 miretur
478 1919 616 1982 fortasse
639 1917 724 2001 quie,
758 1938 862 2001 quam
889 1918 1027 1983 tandem
1054 1918 1338 2003 interpretationis
1361 1919 1483 1984 alienae

316 2039 461 2124 speciem
483 2038 555 2104 haec
576 2060 645 2124 pree
667 2059 702 2104 se
724 2040 842 2117 ferant,
876 2046 936 2104 aut
967 2039 1132 2124 quidnam
1153 2038 1255 2104 lector
1280 2040 1403 2124 aliquis
1425 2042 1483 2107 vel

317 2160 472 2226 librarius
495 2160 535 2225 iis
554 2159 719 2225 illustrare
738 2160 889 2226 voluerit.
935 2161 1093 2246 Suspicor
1108 2161 1145 2225 in
1162 2162 1313 2246 margine
1336 2161 1484 2248 adsorip

214 2282 244 2347 Il
316 2289 390 2347 tum
401 2283 505 2347 fuisse
523 2283 593 2346 non
610 2282 740 2364 ε’ρώττον
759 2282 821 2344 ΤΕ
840 2282 897 2346 sed
915 2283 1045 2364 ἐρωτῶν
1059 2283 1110 2346 TI
1112 2287 1153 2355 (3,
1172 2289 1210 2346 ut
1220 2283 1479 2367 intellegeretur,

241 2428 247 2440 ·
316 2404 535 2469 Plutarchum
565 2401 675 2468 verbis
703 2402 767 2466 illis
790 2403 865 2466 οὐδὲ
891 2403 940 2466 σοὶ
962 2405 1073 2477 τοίνυν,
1096 2403 1124 2468 ὦ
1147 2406 1260 2477 νεανία,
1283 2405 1345 2467 κτλ.
1368 2404 1481 2470 adule-

284 2580 298 2604 „
316 2532 465 2591 scentem
481 2524 637 2608 aliquem,
661 2545 763 2608 quern
782 2545 852 2588 sese
870 2525 1074 2609 interrogare
1092 2524 1176 2591 velle
1198 2526 1310 2590 animo
1328 2525 1478 2610 fingeret,

316 2647 455 2730 alloqui;
491 2651 523 2710 et
546 2645 798 2710 concedendum
825 2646 862 2710 in
883 2652 954 2710 tam
976 2645 1088 2710 subita
1110 2668 1216 2713 novae.
1229 2668 1380 2732 personae
1402 2648 1480 2713 allo

317 2769 450 2833 cutione
473 2767 781 2852 interpretationem
803 2789 872 2832 non
894 2766 993 2852 plane
1016 2789 1036 2832 a
1058 2789 1092 2832 re
1115 2768 1226 2832 luisse.
1284 2769 1480 2834 Eiusmodi

315 2891 478 2955 lectorum
494 2890 727 2954 annotationes
745 2911 814 2954 non
832 2911 906 2954 raro
924 2909 1032 2953 errore
1049 2888 1086 2952 in
1103 2889 1287 2954 orationem
1307 2891 1478 2976 irrepsisse

316 3009 477 3095 exemplis
500 3032 520 3074 a
541 3010 721 3076 Plutarcho
744 3011 887 3096 sumptis
911 3009 1153 3076 demonstravit
1172 3010 1316 3076 Cobetus
1331 3011 1481 3078 Mnemo-

139 3131 206 3166 ’Ὗ
317 3152 398 3215 syne
421 3131 461 3194 N.
486 3132 517 3197 S.
540 3130 566 3208 Ι,
591 3135 662 3198 363.
712 3117 792 3234 ννιίιι
815 3129 918 3250 [λίγα

309 3395 347 3460 p.
370 3373 449 3440 [lello
471 3373 562 3459 (cop.
585 3374 707 3456 XIII).

400 3501 516 3567 ἐκεῖνος
540 3479 762 3580 (Πυθαγόρας)
792 3496 851 3578 μὲν
879 3496 938 3578 γὰρ
967 3497 1002 3558 ε’τι
1030 3497 1218 3578 φιλοσοφίας
1246 3499 1362 3579 ἔφησεν
1390 3497 1480 3578 arim*

313 3621 542 3703 περιγεγονέναι
574 3617 609 3681 τὸ
636 3618 738 3700 μηδὲν
764 3619 940 3699 θαυμάζειν
964 3635 970 3647 ·
994 3615 1079 3681 οὗτοι
1102 3618 1136 3681 δὲ
1157 3617 1192 3681 τὸ
1214 3618 1315 3700 μηδὲν
1343 3619 1478 3682 ἐπαινεῖν

314 3742 396 3824 μηδὲ
419 3747 509 3823 τιμᾶν
531 3741 564 3802 ἓν
584 3764 629 3830 τῳ
652 3745 861 3820 καταφρονεῖν
881 3740 1037 3821 τιθέμενοι
1059 3739 1112 3802 καὶ
1134 3739 1169 3802 τὸ
1188 3739 1303 3822 σεμνὸν
1316 3741 1477 3822 ὑπεροψίᾳ

316 3864 491 3931 διώκοντες.

400 3983 454 4050 sie
485 3983 623 4060 codices,
658 3982 724 4045 nisi
759 3980 851 4064 quod
884 3981 920 4044 in
950 3980 1160 4047 Vulcobiano
1188 3983 1371 4066 paucisque
1400 3982 1474 4046 aliis

351 4289 372 4350 1)
391 4292 469 4345 Velut
497 4288 647 4358 Xylander‚
672 4303 752 4354 quem
779 4295 930 4355 sequuntur
949 4287 1100 4343 Reiskiana
1119 4289 1208 4344 editio.
1236 4290 1472 4360 WyttenbachiuS,

390 4377 560 4432 Duebnerus
