<?xml version="1.0" encoding="UTF-8"?>
<!DOCTYPE html PUBLIC "-//W3C//DTD XHTML 1.0 Transitional//EN"
    "http://www.w3.org/TR/xhtml1/DTD/xhtml1-transitional.dtd">
<html xmlns="http://www.w3.org/1999/xhtml" xml:lang="en" lang="en">
 <head>
  <title>
</title>
<meta http-equiv="Content-Type" content="text/html;charset=utf-8" />
  <meta name='ocr-system' content='tesseract 3.04.00' />
  <meta name='ocr-capabilities' content='ocr_page ocr_carea ocr_par ocr_line ocrx_word'/>
</head>
<body>
  <div class='ocr_page' id='page_1' title='image "./studiacriticain00larsgoog_0133.png"; bbox 0 0 3306 5144; ppageno 0'>
   <div class='ocr_carea' id='block_1_1' title="bbox 852 429 912 492">
    <p class='ocr_par' dir='ltr' id='par_1_1' title="bbox 852 429 912 492">
     <span class='ocr_line' id='line_1_1' title="bbox 852 429 912 492; baseline 0 0"><span class='ocrx_word' id='word_1_1' title='bbox 852 429 912 492; x_wconf 78' lang='lat'>126</span> 
     </span>
    </p>
   </div>
   <div class='ocr_carea' id='block_1_2' title="bbox 303 619 1463 703">
    <p class='ocr_par' dir='ltr' id='par_1_2' title="bbox 303 619 1463 703">
     <span class='ocr_line' id='line_1_2' title="bbox 303 619 1463 703; baseline 0.003 -21"><span class='ocrx_word' id='word_1_2' title='bbox 303 620 513 702; x_wconf 75' lang='grc' dir='ltr'><strong><em>ἐλαφρότερον</em></strong></span> <span class='ocrx_word' id='word_1_3' title='bbox 541 627 639 683; x_wconf 87' lang='grc' dir='ltr'><em>ποιεῖν</em></span> <span class='ocrx_word' id='word_1_4' title='bbox 667 619 702 683; x_wconf 92' lang='grc' dir='ltr'><strong><em>τδ</em></strong></span> <span class='ocrx_word' id='word_1_5' title='bbox 736 621 876 703; x_wconf 58' lang='grc' dir='ltr'><strong><em>πλῆθος</em></strong></span> <span class='ocrx_word' id='word_1_6' title='bbox 905 619 1090 685; x_wconf 89' lang='lat' dir='ltr'>Herodiani</span> <span class='ocrx_word' id='word_1_7' title='bbox 1118 620 1205 685; x_wconf 81' lang='lat' dir='ltr'>Hist.</span> <span class='ocrx_word' id='word_1_8' title='bbox 1234 621 1276 690; x_wconf 84' lang='lat' dir='ltr'>Il.</span> <span class='ocrx_word' id='word_1_9' title='bbox 1305 624 1334 699; x_wconf 79' lang='grc'>2,</span> <span class='ocrx_word' id='word_1_10' title='bbox 1357 625 1378 687; x_wconf 92' lang='grc'>6</span> <span class='ocrx_word' id='word_1_11' title='bbox 1400 620 1463 703; x_wconf 79' lang='lat' dir='ltr'>(ed.</span> 
     </span>
    </p>
   </div>
   <div class='ocr_carea' id='block_1_3' title="bbox 304 738 1465 832">
    <p class='ocr_par' dir='ltr' id='par_1_3' title="bbox 304 738 1465 832">
     <span class='ocr_line' id='line_1_3' title="bbox 304 738 1465 832; baseline 0.003 -28"><span class='ocrx_word' id='word_1_12' title='bbox 304 738 534 824; x_wconf 87' lang='lat' dir='ltr'>Mendelsohn)</span> <span class='ocrx_word' id='word_1_13' title='bbox 557 741 737 832; x_wconf 74' lang='grc' dir='ltr'><strong><em>Κόμμοδος</em></strong></span> <span class='ocrx_word' id='word_1_14' title='bbox 760 791 766 804; x_wconf 89' lang='grc'><strong>.</strong></span> <span class='ocrx_word' id='word_1_15' title='bbox 790 794 796 806; x_wconf 94' lang='grc'><strong><em>.</em></strong></span> <span class='ocrx_word' id='word_1_16' title='bbox 822 791 828 804; x_wconf 91' lang='grc'><strong>.</strong></span> <span class='ocrx_word' id='word_1_17' title='bbox 851 741 913 805; x_wconf 82' lang='grc' dir='ltr'>ὑπὸ</span> <span class='ocrx_word' id='word_1_18' title='bbox 935 742 1079 825; x_wconf 84' lang='grc' dir='ltr'><strong><em>πλῆθους</em></strong></span> <span class='ocrx_word' id='word_1_19' title='bbox 1101 743 1265 824; x_wconf 84' lang='grc' dir='ltr'><strong><em>ἐπιπνιγεὶς</em></strong></span> <span class='ocrx_word' id='word_1_20' title='bbox 1288 744 1465 824; x_wconf 82' lang='grc' dir='ltr'><strong><em>διεφθάρη;</em></strong></span> 
     </span>
    </p>
   </div>
   <div class='ocr_carea' id='block_1_4' title="bbox 302 862 1469 1553">
    <p class='ocr_par' dir='ltr' id='par_1_4' title="bbox 302 862 1469 1553">
     <span class='ocr_line' id='line_1_4' title="bbox 303 862 1469 946; baseline -0.001 -20"><span class='ocrx_word' id='word_1_21' title='bbox 303 868 511 946; x_wconf 86' lang='lat' dir='ltr'>postremum</span> <span class='ocrx_word' id='word_1_22' title='bbox 533 870 782 946; x_wconf 88' lang='lat' dir='ltr'>componuntur</span> <span class='ocrx_word' id='word_1_23' title='bbox 804 869 842 926; x_wconf 85' lang='lat' dir='ltr'>ut</span> <span class='ocrx_word' id='word_1_24' title='bbox 862 870 976 928; x_wconf 88' lang='lat' dir='ltr'>nostro</span> <span class='ocrx_word' id='word_1_25' title='bbox 998 862 1070 927; x_wconf 92' lang='lat' dir='ltr'>loco</span> <span class='ocrx_word' id='word_1_26' title='bbox 1092 863 1216 946; x_wconf 77' lang='grc' dir='ltr'><strong><em>πλῆθος</em></strong></span> <span class='ocrx_word' id='word_1_27' title='bbox 1238 869 1271 927; x_wconf 92' lang='lat' dir='ltr'>et</span> <span class='ocrx_word' id='word_1_28' title='bbox 1287 865 1469 946; x_wconf 81' lang='grc' dir='ltr'><strong><em>περίττωμα</em></strong></span> 
     </span>
     <span class='ocr_line' id='line_1_5' title="bbox 303 981 1469 1067; baseline 0.002 -21"><span class='ocrx_word' id='word_1_29' title='bbox 303 983 405 1048; x_wconf 87' lang='lat' dir='ltr'>huius</span> <span class='ocrx_word' id='word_1_30' title='bbox 426 981 482 1046; x_wconf 90' lang='lat' dir='ltr'>lib.</span> <span class='ocrx_word' id='word_1_31' title='bbox 506 1004 537 1067; x_wconf 92' lang='lat' dir='ltr'>p.</span> <span class='ocrx_word' id='word_1_32' title='bbox 563 985 653 1049; x_wconf 79' lang='lat'>1270</span> <span class='ocrx_word' id='word_1_33' title='bbox 676 985 709 1047; x_wconf 81' lang='grc' dir='ltr'>ἐν</span> <span class='ocrx_word' id='word_1_34' title='bbox 726 984 760 1047; x_wconf 86' lang='grc' dir='ltr'><strong><em>δὲ</em></strong></span> <span class='ocrx_word' id='word_1_35' title='bbox 777 984 891 1067; x_wconf 86' lang='grc' dir='ltr'><strong><em>πλήθει</em></strong></span> <span class='ocrx_word' id='word_1_36' title='bbox 907 984 961 1048; x_wconf 86' lang='grc' dir='ltr'>καί</span> <span class='ocrx_word' id='word_1_37' title='bbox 978 986 1191 1066; x_wconf 83' lang='grc' dir='ltr'><strong><em>περιττώματι.</em></strong></span> <span class='ocrx_word' id='word_1_38' title='bbox 1235 983 1379 1049; x_wconf 76' lang='lat' dir='ltr'>Proinde</span> <span class='ocrx_word' id='word_1_39' title='bbox 1397 1005 1469 1049; x_wconf 92' lang='lat' dir='ltr'>non</span> 
     </span>
     <span class='ocr_line' id='line_1_6' title="bbox 304 1102 1469 1191; baseline 0.002 -24"><span class='ocrx_word' id='word_1_40' title='bbox 304 1102 429 1182; x_wconf 86' lang='lat' dir='ltr'>dubito,</span> <span class='ocrx_word' id='word_1_41' title='bbox 458 1104 542 1188; x_wconf 90' lang='lat' dir='ltr'>quin</span> <span class='ocrx_word' id='word_1_42' title='bbox 570 1103 634 1168; x_wconf 90' lang='lat' dir='ltr'>hoc</span> <span class='ocrx_word' id='word_1_43' title='bbox 663 1104 734 1170; x_wconf 91' lang='lat' dir='ltr'>loco</span> <span class='ocrx_word' id='word_1_44' title='bbox 764 1126 832 1169; x_wconf 90' lang='lat' dir='ltr'>non</span> <span class='ocrx_word' id='word_1_45' title='bbox 862 1105 897 1168; x_wconf 90' lang='lat' dir='ltr'>in</span> <span class='ocrx_word' id='word_1_46' title='bbox 927 1106 1076 1169; x_wconf 84' lang='lat' dir='ltr'>numeris</span> <span class='ocrx_word' id='word_1_47' title='bbox 1104 1106 1342 1191; x_wconf 86' lang='lat' dir='ltr'><strong>pronominum</strong></span> <span class='ocrx_word' id='word_1_48' title='bbox 1365 1105 1469 1170; x_wconf 86' lang='lat' dir='ltr'>lateat</span> 
     </span>
     <span class='ocr_line' id='line_1_7' title="bbox 303 1225 1466 1309; baseline -0.002 -17"><span class='ocrx_word' id='word_1_49' title='bbox 303 1225 425 1292; x_wconf 86' lang='lat' dir='ltr'>vitium</span> <span class='ocrx_word' id='word_1_50' title='bbox 436 1225 594 1291; x_wconf 83' lang='lat' dir='ltr'>orationis</span> <span class='ocrx_word' id='word_1_51' title='bbox 607 1233 640 1290; x_wconf 90' lang='lat' dir='ltr'>et</span> <span class='ocrx_word' id='word_1_52' title='bbox 651 1225 865 1290; x_wconf 84' lang='lat' dir='ltr'>scribendum</span> <span class='ocrx_word' id='word_1_53' title='bbox 885 1226 928 1290; x_wconf 83' lang='lat' dir='ltr'>sit</span> <span class='ocrx_word' id='word_1_54' title='bbox 945 1227 1046 1309; x_wconf 83' lang='grc' dir='ltr'><strong><em>μηδὲν</em></strong></span> <span class='ocrx_word' id='word_1_55' title='bbox 1060 1228 1220 1291; x_wconf 81' lang='grc' dir='ltr'><strong><em>ὑπολιπεῖν</em></strong></span> <span class='ocrx_word' id='word_1_56' title='bbox 1231 1229 1466 1308; x_wconf 79' lang='grc' dir='ltr'><strong><em>περιττώματος</em></strong></span> 
     </span>
     <span class='ocr_line' id='line_1_8' title="bbox 302 1347 1468 1432; baseline 0.003 -23"><span class='ocrx_word' id='word_1_57' title='bbox 302 1347 366 1410; x_wconf 87' lang='grc' dir='ltr'>καί</span> <span class='ocrx_word' id='word_1_58' title='bbox 387 1347 531 1429; x_wconf 82' lang='grc' dir='ltr'><strong><em>πλήθους</em></strong></span> <span class='ocrx_word' id='word_1_59' title='bbox 554 1396 560 1409; x_wconf 95' lang='grc'><strong><em>.</em></strong></span> <span class='ocrx_word' id='word_1_60' title='bbox 582 1348 636 1410; x_wconf 82' lang='grc' dir='ltr'><strong><em>καὶ</em></strong></span> <span class='ocrx_word' id='word_1_61' title='bbox 657 1347 717 1430; x_wconf 84' lang='grc' dir='ltr'>γάρ</span> <span class='ocrx_word' id='word_1_62' title='bbox 734 1347 811 1410; x_wconf 82' lang='grc' dir='ltr'><strong><em>αὐτὰ</em></strong></span> <span class='ocrx_word' id='word_1_63' title='bbox 830 1353 925 1412; x_wconf 85' lang='grc' dir='ltr'><strong><em>ταῦτα</em></strong></span> <span class='ocrx_word' id='word_1_64' title='bbox 942 1349 1004 1411; x_wconf 85' lang='grc' dir='ltr'><strong><em>κτλ.</em></strong></span> <span class='ocrx_word' id='word_1_65' title='bbox 1037 1347 1191 1413; x_wconf 74' lang='lat' dir='ltr'>Fortasse</span> <span class='ocrx_word' id='word_1_66' title='bbox 1208 1347 1468 1432; x_wconf 84' lang='lat' dir='ltr'>Bernardakis¹)</span> 
     </span>
     <span class='ocr_line' id='line_1_9' title="bbox 302 1468 1049 1553; baseline 0.003 -22"><span class='ocrx_word' id='word_1_67' title='bbox 302 1474 389 1534; x_wconf 85' lang='lat' dir='ltr'>reete</span> <span class='ocrx_word' id='word_1_68' title='bbox 411 1468 586 1532; x_wconf 81' lang='grc' dir='ltr'><strong><em>ὑπολείπειν</em></strong></span> <span class='ocrx_word' id='word_1_69' title='bbox 608 1489 668 1553; x_wconf 89' lang='lat' dir='ltr'>pro</span> <span class='ocrx_word' id='word_1_70' title='bbox 690 1469 851 1532; x_wconf 80' lang='grc' dir='ltr'><strong><em>ὑπολιπεῖν</em></strong></span> <span class='ocrx_word' id='word_1_71' title='bbox 873 1469 1013 1553; x_wconf 85' lang='lat' dir='ltr'>scripsit.</span> <span class='ocrx_word' id='word_1_72' title='bbox 1047 1493 1049 1498; x_wconf 88' lang='lat'>·</span> 
     </span>
    </p>
   </div>
   <div class='ocr_carea' id='block_1_5' title="bbox 298 1793 1466 3822">
    <p class='ocr_par' dir='ltr' id='par_1_5' title="bbox 298 1793 708 1879">
     <span class='ocr_line' id='line_1_10' title="bbox 298 1793 708 1879; baseline -0.005 -19"><span class='ocrx_word' id='word_1_73' title='bbox 298 1814 333 1878; x_wconf 86' lang='lat' dir='ltr'>p.</span> <span class='ocrx_word' id='word_1_74' title='bbox 357 1793 457 1860; x_wconf 87' lang='grc' dir='ltr'><strong><em>13οα</em></strong></span> <span class='ocrx_word' id='word_1_75' title='bbox 478 1794 566 1879; x_wconf 85' lang='lat' dir='ltr'>(cap.</span> <span class='ocrx_word' id='word_1_76' title='bbox 591 1793 708 1875; x_wconf 85' lang='lat' dir='ltr'><em>XVI).</em></span> 
     </span>
    </p>

    <p class='ocr_par' dir='ltr' id='par_1_6' title="bbox 302 1914 1464 2251">
     <span class='ocr_line' id='line_1_11' title="bbox 385 1914 1464 2000; baseline 0.005 -24"><span class='ocrx_word' id='word_1_77' title='bbox 385 1919 513 1997; x_wconf 83' lang='grc' dir='ltr'><strong><em>πρῶτον</em></strong></span> <span class='ocrx_word' id='word_1_78' title='bbox 535 1914 569 1978; x_wconf 84' lang='grc' dir='ltr'><strong><em>δὲ</em></strong></span> <span class='ocrx_word' id='word_1_79' title='bbox 591 1915 661 1997; x_wconf 88' lang='grc' dir='ltr'><strong><em>περί</em></strong></span> <span class='ocrx_word' id='word_1_80' title='bbox 684 1917 865 1998; x_wconf 80' lang='grc' dir='ltr'><strong><em>γυμνασίων</em></strong></span> <span class='ocrx_word' id='word_1_81' title='bbox 887 1916 1065 1997; x_wconf 79' lang='grc' dir='ltr'><strong><em>φιλολόγοις</em></strong></span> <span class='ocrx_word' id='word_1_82' title='bbox 1081 1916 1301 1998; x_wconf 81' lang='grc' dir='ltr'><strong><em>ἁρμοττόντων</em></strong></span> <span class='ocrx_word' id='word_1_83' title='bbox 1319 1917 1464 2000; x_wconf 83' lang='grc' dir='ltr'><strong><em>λέγωμεν</em></strong></span> 
     </span>
     <span class='ocr_line' id='line_1_12' title="bbox 302 2036 1464 2120; baseline 0.004 -22"><span class='ocrx_word' id='word_1_84' title='bbox 302 2036 356 2108; x_wconf 85' lang='grc' dir='ltr'><strong><em>ὅτι,</em></strong></span> <span class='ocrx_word' id='word_1_85' title='bbox 379 2036 486 2117; x_wconf 87' lang='grc' dir='ltr'><strong><em>ὥσπερ</em></strong></span> <span class='ocrx_word' id='word_1_86' title='bbox 508 2037 526 2099; x_wconf 87' lang='grc' dir='ltr'>ὁ</span> <span class='ocrx_word' id='word_1_87' title='bbox 549 2038 654 2119; x_wconf 81' lang='grc' dir='ltr'><em>φήσας</em></span> <span class='ocrx_word' id='word_1_88' title='bbox 674 2037 775 2120; x_wconf 86' lang='grc' dir='ltr'><strong><em>μηδὲν</em></strong></span> <span class='ocrx_word' id='word_1_89' title='bbox 794 2038 925 2118; x_wconf 79' lang='grc' dir='ltr'><strong><em>γράφειν</em></strong></span> <span class='ocrx_word' id='word_1_90' title='bbox 940 2037 1211 2120; x_wconf 73' lang='grc' dir='ltr'><strong><em>παραθαλασσίοις</em></strong></span> <span class='ocrx_word' id='word_1_91' title='bbox 1228 2039 1299 2120; x_wconf 86' lang='grc' dir='ltr'><strong><em>περί</em></strong></span> <span class='ocrx_word' id='word_1_92' title='bbox 1320 2039 1464 2103; x_wconf 82' lang='grc' dir='ltr'><strong><em>ὀδόντων</em></strong></span> 
     </span>
     <span class='ocr_line' id='line_1_13' title="bbox 303 2157 906 2251; baseline -0.002 -30"><span class='ocrx_word' id='word_1_93' title='bbox 303 2157 425 2231; x_wconf 80' lang='grc' dir='ltr'><strong><em>ἐδίδαξε</em></strong></span> <span class='ocrx_word' id='word_1_94' title='bbox 446 2159 501 2240; x_wconf 86' lang='grc' dir='ltr'>τὴν</span> <span class='ocrx_word' id='word_1_95' title='bbox 522 2159 638 2240; x_wconf 83' lang='grc' dir='ltr'><strong><em>χρείαν,</em></strong></span> <span class='ocrx_word' id='word_1_96' title='bbox 661 2160 745 2222; x_wconf 79' lang='grc' dir='ltr'><strong><em>οὕτω</em></strong></span> <span class='ocrx_word' id='word_1_97' title='bbox 767 2159 821 2221; x_wconf 82' lang='grc' dir='ltr'>καί</span> <span class='ocrx_word' id='word_1_98' title='bbox 844 2157 906 2251; x_wconf 81' lang='grc' dir='ltr'><strong><em>κτλ.</em></strong></span> 
     </span>
    </p>

    <p class='ocr_par' dir='ltr' id='par_1_7' title="bbox 299 2279 1466 3822">
     <span class='ocr_line' id='line_1_14' title="bbox 387 2279 1464 2365; baseline 0.002 -21"><span class='ocrx_word' id='word_1_99' title='bbox 387 2279 517 2344; x_wconf 78' lang='lat' dir='ltr'><strong>Vitium</strong></span> <span class='ocrx_word' id='word_1_100' title='bbox 539 2280 757 2344; x_wconf 81' lang='lat' dir='ltr'>manifestum</span> <span class='ocrx_word' id='word_1_101' title='bbox 780 2301 821 2344; x_wconf 88' lang='lat' dir='ltr'>ex</span> <span class='ocrx_word' id='word_1_102' title='bbox 843 2287 936 2365; x_wconf 87' lang='lat' dir='ltr'>parte</span> <span class='ocrx_word' id='word_1_103' title='bbox 959 2280 1062 2345; x_wconf 84' lang='lat' dir='ltr'>sensit</span> <span class='ocrx_word' id='word_1_104' title='bbox 1084 2279 1152 2343; x_wconf 91' lang='lat' dir='ltr'>iam</span> <span class='ocrx_word' id='word_1_105' title='bbox 1174 2279 1464 2364; x_wconf 72' lang='lat' dir='ltr'>WyttenbachiuS,</span> 
     </span>
     <span class='ocr_line' id='line_1_15' title="bbox 302 2400 1466 2487; baseline 0.004 -24"><span class='ocrx_word' id='word_1_106' title='bbox 302 2400 362 2484; x_wconf 92' lang='lat' dir='ltr'>qui</span> <span class='ocrx_word' id='word_1_107' title='bbox 388 2401 424 2464; x_wconf 91' lang='lat' dir='ltr'>in</span> <span class='ocrx_word' id='word_1_108' title='bbox 454 2408 567 2466; x_wconf 88' lang='lat' dir='ltr'>annot.</span> <span class='ocrx_word' id='word_1_109' title='bbox 599 2401 670 2465; x_wconf 89' lang='lat' dir='ltr'>crit.</span> <span class='ocrx_word' id='word_1_110' title='bbox 699 2422 820 2486; x_wconf 91' lang='lat' dir='ltr'>parum</span> <span class='ocrx_word' id='word_1_111' title='bbox 848 2400 1063 2486; x_wconf 78' lang='lat' dir='ltr'>probabiliter</span> <span class='ocrx_word' id='word_1_112' title='bbox 1090 2400 1143 2467; x_wconf 85' lang='lat' dir='ltr'>vel</span> <span class='ocrx_word' id='word_1_113' title='bbox 1171 2402 1293 2475; x_wconf 86' lang='grc' dir='ltr'><strong><em>διδάξαι</em></strong></span> <span class='ocrx_word' id='word_1_114' title='bbox 1323 2402 1382 2485; x_wconf 83' lang='grc' dir='ltr'>γὰρ</span> <span class='ocrx_word' id='word_1_115' title='bbox 1409 2404 1466 2487; x_wconf 84' lang='grc' dir='ltr'>τὴν</span> 
     </span>
     <span class='ocr_line' id='line_1_16' title="bbox 300 2521 1465 2606; baseline 0.004 -23"><span class='ocrx_word' id='word_1_116' title='bbox 300 2523 407 2603; x_wconf 88' lang='grc' dir='ltr'><strong><em>χρείαν</em></strong></span> <span class='ocrx_word' id='word_1_117' title='bbox 435 2521 489 2588; x_wconf 90' lang='lat' dir='ltr'>vel</span> <span class='ocrx_word' id='word_1_118' title='bbox 517 2524 573 2592; x_wconf 82' lang='grc' dir='ltr'>οὓς</span> <span class='ocrx_word' id='word_1_119' title='bbox 601 2523 724 2596; x_wconf 84' lang='grc' dir='ltr'><strong><em>διδάξαι</em></strong></span> <span class='ocrx_word' id='word_1_120' title='bbox 750 2524 807 2605; x_wconf 81' lang='grc' dir='ltr'>τὴν</span> <span class='ocrx_word' id='word_1_121' title='bbox 837 2525 943 2606; x_wconf 87' lang='grc' dir='ltr'><strong><em>χρείαν</em></strong></span> <span class='ocrx_word' id='word_1_122' title='bbox 973 2521 1186 2586; x_wconf 87' lang='lat' dir='ltr'>scribendum</span> <span class='ocrx_word' id='word_1_123' title='bbox 1216 2544 1286 2588; x_wconf 87' lang='lat' dir='ltr'>esse</span> <span class='ocrx_word' id='word_1_124' title='bbox 1320 2525 1465 2604; x_wconf 78' lang='lat' dir='ltr'>censuit3</span> 
     </span>
     <span class='ocr_line' id='line_1_17' title="bbox 301 2642 1465 2728; baseline 0.001 -20"><span class='ocrx_word' id='word_1_125' title='bbox 301 2663 419 2708; x_wconf 89' lang='lat' dir='ltr'>verum</span> <span class='ocrx_word' id='word_1_126' title='bbox 436 2642 527 2727; x_wconf 89' lang='lat' dir='ltr'>quod</span> <span class='ocrx_word' id='word_1_127' title='bbox 546 2642 671 2707; x_wconf 81' lang='lat' dir='ltr'>ibidem</span> <span class='ocrx_word' id='word_1_128' title='bbox 690 2642 770 2708; x_wconf 82' lang='lat' dir='ltr'>dicit</span> <span class='ocrx_word' id='word_1_129' title='bbox 789 2644 998 2724; x_wconf 48' lang='lat' dir='ltr'>‘sententiam</span> <span class='ocrx_word' id='word_1_130' title='bbox 1016 2665 1185 2728; x_wconf 83' lang='lat' dir='ltr'>apparere,</span> <span class='ocrx_word' id='word_1_131' title='bbox 1204 2665 1273 2708; x_wconf 93' lang='lat' dir='ltr'>non</span> <span class='ocrx_word' id='word_1_132' title='bbox 1284 2644 1465 2711; x_wconf 87' lang='lat' dir='ltr'>verborum</span> 
     </span>
     <span class='ocr_line' id='line_1_18' title="bbox 302 2765 1464 2851; baseline 0.003 -24"><span class='ocrx_word' id='word_1_133' title='bbox 302 2767 448 2842; x_wconf 77' lang='lat' dir='ltr'>nexum,</span> <span class='ocrx_word' id='word_1_134' title='bbox 483 2771 584 2842; x_wconf 85' lang='lat' dir='ltr'>errat;</span> <span class='ocrx_word' id='word_1_135' title='bbox 613 2785 674 2829; x_wconf 92' lang='lat' dir='ltr'>nec</span> <span class='ocrx_word' id='word_1_136' title='bbox 708 2765 873 2829; x_wconf 83' lang='lat' dir='ltr'>sententia</span> <span class='ocrx_word' id='word_1_137' title='bbox 906 2786 967 2830; x_wconf 91' lang='lat' dir='ltr'>nec</span> <span class='ocrx_word' id='word_1_138' title='bbox 1000 2786 1107 2829; x_wconf 83' lang='lat' dir='ltr'>nexus</span> <span class='ocrx_word' id='word_1_139' title='bbox 1140 2773 1279 2851; x_wconf 89' lang='lat' dir='ltr'>apparet</span> <span class='ocrx_word' id='word_1_140' title='bbox 1312 2773 1345 2830; x_wconf 90' lang='lat' dir='ltr'>et</span> <span class='ocrx_word' id='word_1_141' title='bbox 1376 2773 1464 2831; x_wconf 84' lang='lat' dir='ltr'>recte</span> 
     </span>
     <span class='ocr_line' id='line_1_19' title="bbox 302 2884 1465 2970; baseline 0.002 -21"><span class='ocrx_word' id='word_1_142' title='bbox 302 2884 492 2970; x_wconf 84' lang='lat' dir='ltr'>Madvigius</span> <span class='ocrx_word' id='word_1_143' title='bbox 503 2885 525 2968; x_wconf 79' lang='grc'>2)</span> <span class='ocrx_word' id='word_1_144' title='bbox 565 2885 717 2950; x_wconf 85' lang='lat' dir='ltr'>dentium</span> <span class='ocrx_word' id='word_1_145' title='bbox 755 2887 961 2951; x_wconf 81' lang='lat' dir='ltr'>mentionem</span> <span class='ocrx_word' id='word_1_146' title='bbox 999 2886 1078 2951; x_wconf 92' lang='lat' dir='ltr'>hinc</span> <span class='ocrx_word' id='word_1_147' title='bbox 1117 2886 1355 2951; x_wconf 84' lang='lat' dir='ltr'>alienissimam</span> <span class='ocrx_word' id='word_1_148' title='bbox 1395 2909 1465 2952; x_wconf 87' lang='lat' dir='ltr'>esse</span> 
     </span>
     <span class='ocr_line' id='line_1_20' title="bbox 301 3005 1465 3092; baseline 0.003 -23"><span class='ocrx_word' id='word_1_149' title='bbox 301 3005 435 3070; x_wconf 89' lang='lat' dir='ltr'>iudicat.</span> <span class='ocrx_word' id='word_1_150' title='bbox 481 3006 707 3071; x_wconf 85' lang='lat' dir='ltr'>Temerariam</span> <span class='ocrx_word' id='word_1_151' title='bbox 723 3015 755 3072; x_wconf 94' lang='lat' dir='ltr'>et</span> <span class='ocrx_word' id='word_1_152' title='bbox 771 3007 953 3072; x_wconf 86' lang='lat' dir='ltr'>absurdam</span> <span class='ocrx_word' id='word_1_153' title='bbox 965 3008 1128 3072; x_wconf 90' lang='lat' dir='ltr'>Hercheri</span> <span class='ocrx_word' id='word_1_154' title='bbox 1147 3009 1373 3072; x_wconf 87' lang='lat' dir='ltr'>coniecturam</span> <span class='ocrx_word' id='word_1_155' title='bbox 1392 3010 1465 3092; x_wconf 88' lang='grc' dir='ltr'><strong><em>περί</em></strong></span> 
     </span>
     <span class='ocr_line' id='line_1_21' title="bbox 300 3128 1466 3214; baseline 0.003 -24"><span class='ocrx_word' id='word_1_156' title='bbox 300 3128 442 3210; x_wconf 83' lang='grc' dir='ltr'><strong><em>λουτρῶν</em></strong></span> <span class='ocrx_word' id='word_1_157' title='bbox 476 3128 624 3210; x_wconf 88' lang='grc' dir='ltr'><strong><em>(διδάξειν</em></strong></span> <span class='ocrx_word' id='word_1_158' title='bbox 654 3130 713 3212; x_wconf 82' lang='grc' dir='ltr'>γὰρ</span> <span class='ocrx_word' id='word_1_159' title='bbox 747 3130 802 3212; x_wconf 84' lang='grc' dir='ltr'>τὴν</span> <span class='ocrx_word' id='word_1_160' title='bbox 833 3129 952 3213; x_wconf 82' lang='grc' dir='ltr'><strong><em>χρείαν)</em></strong></span> <span class='ocrx_word' id='word_1_161' title='bbox 988 3131 1071 3193; x_wconf 80' lang='grc' dir='ltr'><strong><em>οὕτω</em></strong></span> <span class='ocrx_word' id='word_1_162' title='bbox 1106 3130 1168 3192; x_wconf 86' lang='grc' dir='ltr'><strong><em>κτλ.</em></strong></span> <span class='ocrx_word' id='word_1_163' title='bbox 1201 3130 1300 3194; x_wconf 82' lang='lat' dir='ltr'>tacite</span> <span class='ocrx_word' id='word_1_164' title='bbox 1334 3137 1466 3214; x_wconf 78' lang='lat' dir='ltr'>praeter-</span> 
     </span>
     <span class='ocr_line' id='line_1_22' title="bbox 300 3249 1465 3316; baseline 0.003 -4"><span class='ocrx_word' id='word_1_165' title='bbox 300 3249 431 3313; x_wconf 81' lang='lat' dir='ltr'>mittere</span> <span class='ocrx_word' id='word_1_166' title='bbox 466 3249 569 3314; x_wconf 87' lang='lat' dir='ltr'>satius</span> <span class='ocrx_word' id='word_1_167' title='bbox 603 3257 660 3313; x_wconf 87' lang='lat' dir='ltr'>est.</span> <span class='ocrx_word' id='word_1_168' title='bbox 717 3250 825 3315; x_wconf 86' lang='lat' dir='ltr'>Video</span> <span class='ocrx_word' id='word_1_169' title='bbox 853 3272 895 3315; x_wconf 89' lang='lat' dir='ltr'>ex</span> <span class='ocrx_word' id='word_1_170' title='bbox 923 3249 1121 3316; x_wconf 86' lang='lat' dir='ltr'>brevissima</span> <span class='ocrx_word' id='word_1_171' title='bbox 1148 3252 1465 3316; x_wconf 74' lang='lat' dir='ltr'>commemoratione</span> 
     </span>
     <span class='ocr_line' id='line_1_23' title="bbox 299 3370 1463 3458; baseline 0.003 -24"><span class='ocrx_word' id='word_1_172' title='bbox 299 3371 335 3434; x_wconf 89' lang='lat' dir='ltr'>in</span> <span class='ocrx_word' id='word_1_173' title='bbox 347 3370 503 3435; x_wconf 85' lang='lat' dir='ltr'>Bursiani</span> <span class='ocrx_word' id='word_1_174' title='bbox 514 3370 806 3437; x_wconf 86' lang='lat' dir='ltr'>Jahresberichten</span> <span class='ocrx_word' id='word_1_175' title='bbox 818 3371 855 3436; x_wconf 85' lang='lat' dir='ltr'>T.</span> <span class='ocrx_word' id='word_1_176' title='bbox 868 3371 919 3436; x_wconf 89' lang='lat' dir='ltr'>IH</span> <span class='ocrx_word' id='word_1_177' title='bbox 935 3394 966 3457; x_wconf 92' lang='lat' dir='ltr'>p.</span> <span class='ocrx_word' id='word_1_178' title='bbox 980 3376 1042 3439; x_wconf 79' lang='lat'>588</span> <span class='ocrx_word' id='word_1_179' title='bbox 1059 3372 1233 3437; x_wconf 87' lang='lat' dir='ltr'>Theodoro</span> <span class='ocrx_word' id='word_1_180' title='bbox 1250 3373 1428 3438; x_wconf 93' lang='lat' dir='ltr'>Doehnero</span> <span class='ocrx_word' id='word_1_181' title='bbox 1439 3374 1463 3458; x_wconf 81' lang='lat'>³)</span> 
     </span>
     <span class='ocr_line' id='line_1_24' title="bbox 299 3492 1465 3580; baseline 0.002 -22"><span class='ocrx_word' id='word_1_182' title='bbox 299 3492 371 3558; x_wconf 86' lang='lat' dir='ltr'>viro</span> <span class='ocrx_word' id='word_1_183' title='bbox 393 3493 493 3556; x_wconf 83' lang='lat' dir='ltr'>etiam</span> <span class='ocrx_word' id='word_1_184' title='bbox 522 3499 683 3577; x_wconf 79' lang='lat' dir='ltr'>praterea</span> <span class='ocrx_word' id='word_1_185' title='bbox 712 3493 753 3558; x_wconf 94' lang='lat' dir='ltr'>de</span> <span class='ocrx_word' id='word_1_186' title='bbox 780 3493 959 3558; x_wconf 81' lang='lat' dir='ltr'>Plutarcho</span> <span class='ocrx_word' id='word_1_187' title='bbox 990 3495 1114 3580; x_wconf 90' lang='lat' dir='ltr'>optime</span> <span class='ocrx_word' id='word_1_188' title='bbox 1143 3495 1263 3558; x_wconf 83' lang='lat' dir='ltr'>merito</span> <span class='ocrx_word' id='word_1_189' title='bbox 1292 3515 1336 3560; x_wconf 67' lang='lat' dir='ltr'>ecc</span> <span class='ocrx_word' id='word_1_190' title='bbox 1358 3503 1465 3579; x_wconf 79' lang='lat' dir='ltr'>porte.</span> 
     </span>
     <span class='ocr_line' id='line_1_25' title="bbox 299 3613 1463 3699; baseline 0.002 -21"><span class='ocrx_word' id='word_1_191' title='bbox 299 3613 449 3692; x_wconf 80' lang='lat' dir='ltr'>eandem,</span> <span class='ocrx_word' id='word_1_192' title='bbox 468 3636 543 3699; x_wconf 86' lang='lat' dir='ltr'>quae</span> <span class='ocrx_word' id='word_1_193' title='bbox 555 3615 648 3692; x_wconf 82' lang='lat' dir='ltr'>mihi,</span> <span class='ocrx_word' id='word_1_194' title='bbox 661 3615 697 3679; x_wconf 92' lang='lat' dir='ltr'>in</span> <span class='ocrx_word' id='word_1_195' title='bbox 709 3622 857 3680; x_wconf 90' lang='lat' dir='ltr'>mentem</span> <span class='ocrx_word' id='word_1_196' title='bbox 870 3615 1001 3680; x_wconf 83' lang='lat' dir='ltr'>venisse</span> <span class='ocrx_word' id='word_1_197' title='bbox 1015 3615 1293 3680; x_wconf 89' lang='lat' dir='ltr'>emendationem.</span> <span class='ocrx_word' id='word_1_198' title='bbox 1340 3615 1463 3680; x_wconf 78' lang='lat' dir='ltr'>Scribit</span> 
     </span>
     <span class='ocr_line' id='line_1_26' title="bbox 299 3734 1463 3822; baseline 0.002 -22"><span class='ocrx_word' id='word_1_199' title='bbox 299 3736 389 3800; x_wconf 91' lang='lat' dir='ltr'>enim</span> <span class='ocrx_word' id='word_1_200' title='bbox 407 3735 569 3800; x_wconf 92' lang='lat' dir='ltr'>mendum</span> <span class='ocrx_word' id='word_1_201' title='bbox 589 3734 760 3800; x_wconf 83' lang='lat' dir='ltr'>lenissima</span> <span class='ocrx_word' id='word_1_202' title='bbox 784 3743 817 3800; x_wconf 88' lang='lat' dir='ltr'>et</span> <span class='ocrx_word' id='word_1_203' title='bbox 839 3737 1022 3801; x_wconf 78' lang='lat' dir='ltr'>certissima</span> <span class='ocrx_word' id='word_1_204' title='bbox 1043 3738 1245 3802; x_wconf 89' lang='lat' dir='ltr'>correctione</span> <span class='ocrx_word' id='word_1_205' title='bbox 1265 3736 1383 3801; x_wconf 81' lang='lat' dir='ltr'>tollens</span> <span class='ocrx_word' id='word_1_206' title='bbox 1402 3759 1463 3822; x_wconf 93' lang='lat' dir='ltr'>pro</span> 
     </span>
    </p>
   </div>
   <div class='ocr_carea' id='block_1_6' title="bbox 1259 3937 1454 3944">
    <p class='ocr_par' dir='ltr' id='par_1_8' title="bbox 1259 3937 1454 3944">
     <span class='ocr_line' id='line_1_27' title="bbox 1259 3937 1454 3944; baseline 0 -2"><span class='ocrx_word' id='word_1_207' title='bbox 1259 3937 1384 3944; x_wconf 75' lang='lat'><em>—..-..--</em></span> <span class='ocrx_word' id='word_1_208' title='bbox 1408 3939 1454 3942; x_wconf 76' lang='grc'>...-</span> 
     </span>
    </p>
   </div>
   <div class='ocr_carea' id='block_1_7' title="bbox 333 4061 1461 4483">
    <p class='ocr_par' dir='ltr' id='par_1_9' title="bbox 334 4061 618 4127">
     <span class='ocr_line' id='line_1_28' title="bbox 334 4061 618 4127; baseline -0.018 -7"><span class='ocrx_word' id='word_1_209' title='bbox 334 4061 355 4127; x_wconf 88' lang='lat'>¹)</span> <span class='ocrx_word' id='word_1_210' title='bbox 373 4063 431 4120; x_wconf 84' lang='lat' dir='ltr'>vid.</span> <span class='ocrx_word' id='word_1_211' title='bbox 450 4063 532 4118; x_wconf 84' lang='lat' dir='ltr'>editio</span> <span class='ocrx_word' id='word_1_212' title='bbox 551 4063 618 4118; x_wconf 87' lang='lat' dir='ltr'>eius.</span> 
     </span>
    </p>

    <p class='ocr_par' dir='ltr' id='par_1_10' title="bbox 333 4147 714 4219">
     <span class='ocr_line' id='line_1_29' title="bbox 333 4147 714 4219; baseline 0 -13"><span class='ocrx_word' id='word_1_213' title='bbox 333 4147 353 4214; x_wconf 82' lang='lat'>²)</span> <span class='ocrx_word' id='word_1_214' title='bbox 373 4151 486 4206; x_wconf 87' lang='lat' dir='ltr'>Advers.</span> <span class='ocrx_word' id='word_1_215' title='bbox 505 4151 562 4205; x_wconf 87' lang='lat' dir='ltr'>crit.</span> <span class='ocrx_word' id='word_1_216' title='bbox 580 4151 592 4205; x_wconf 92' lang='lat' dir='ltr'>I</span> <span class='ocrx_word' id='word_1_217' title='bbox 610 4168 636 4219; x_wconf 91' lang='lat' dir='ltr'>p.</span> <span class='ocrx_word' id='word_1_218' title='bbox 654 4151 714 4206; x_wconf 81' lang='lat'><strong>624.</strong></span> 
     </span>
    </p>

    <p class='ocr_par' dir='ltr' id='par_1_11' title="bbox 333 4235 1461 4483">
     <span class='ocr_line' id='line_1_30' title="bbox 333 4235 1461 4308; baseline -0.003 -14"><span class='ocrx_word' id='word_1_219' title='bbox 333 4235 354 4301; x_wconf 71' lang='grc' dir='ltr'>’λ</span> <span class='ocrx_word' id='word_1_220' title='bbox 374 4239 455 4294; x_wconf 84' lang='lat' dir='ltr'>Liber</span> <span class='ocrx_word' id='word_1_221' title='bbox 479 4239 547 4305; x_wconf 88' lang='lat' dir='ltr'>eius,</span> <span class='ocrx_word' id='word_1_222' title='bbox 573 4253 653 4306; x_wconf 90' lang='lat' dir='ltr'>quem</span> <span class='ocrx_word' id='word_1_223' title='bbox 678 4241 835 4308; x_wconf 86' lang='lat' dir='ltr'>comparari</span> <span class='ocrx_word' id='word_1_224' title='bbox 861 4257 917 4294; x_wconf 87' lang='lat' dir='ltr'>non</span> <span class='ocrx_word' id='word_1_225' title='bbox 937 4239 1060 4308; x_wconf 85' lang='lat' dir='ltr'>potuisse</span> <span class='ocrx_word' id='word_1_226' title='bbox 1078 4236 1160 4291; x_wconf 82' lang='lat' dir='ltr'>valde</span> <span class='ocrx_word' id='word_1_227' title='bbox 1179 4237 1266 4297; x_wconf 85' lang='lat' dir='ltr'>doleo,</span> <span class='ocrx_word' id='word_1_228' title='bbox 1289 4237 1461 4293; x_wconf 85' lang='lat' dir='ltr'>inscribitur:</span> 
     </span>
     <span class='ocr_line' id='line_1_31' title="bbox 377 4326 1459 4394; baseline -0.006 -12"><span class='ocrx_word' id='word_1_229' title='bbox 377 4328 450 4392; x_wconf 72' lang='lat' dir='ltr'>,Viro</span> <span class='ocrx_word' id='word_1_230' title='bbox 483 4327 638 4382; x_wconf 86' lang='lat' dir='ltr'>clarissimo</span> <span class='ocrx_word' id='word_1_231' title='bbox 669 4328 782 4382; x_wconf 86' lang='lat' dir='ltr'>Ewaldo</span> <span class='ocrx_word' id='word_1_232' title='bbox 810 4329 910 4382; x_wconf 83' lang='lat' dir='ltr'>Baiero</span> <span class='ocrx_word' id='word_1_233' title='bbox 942 4326 1167 4392; x_wconf 80' lang='lat' dir='ltr'>congratulantur</span> <span class='ocrx_word' id='word_1_234' title='bbox 1200 4342 1292 4394; x_wconf 79' lang='lat' dir='ltr'>gymn.</span> <span class='ocrx_word' id='word_1_235' title='bbox 1320 4335 1344 4380; x_wconf 79' lang='lat' dir='ltr'>et</span> <span class='ocrx_word' id='word_1_236' title='bbox 1372 4327 1459 4382; x_wconf 89' lang='lat' dir='ltr'>schol.</span> 
     </span>
     <span class='ocr_line' id='line_1_32' title="bbox 376 4413 1423 4483; baseline -0.003 -14"><span class='ocrx_word' id='word_1_237' title='bbox 376 4415 532 4470; x_wconf 81' lang='lat' dir='ltr'>Plaviensis</span> <span class='ocrx_word' id='word_1_238' title='bbox 551 4418 639 4470; x_wconf 87' lang='lat' dir='ltr'>rector</span> <span class='ocrx_word' id='word_1_239' title='bbox 656 4419 683 4470; x_wconf 86' lang='lat' dir='ltr'>et</span> <span class='ocrx_word' id='word_1_240' title='bbox 701 4417 819 4483; x_wconf 73' lang='lat' dir='ltr'>collega.</span> <span class='ocrx_word' id='word_1_241' title='bbox 838 4413 958 4470; x_wconf 82' lang='lat' dir='ltr'>Plaviae&#39;.</span> <span class='ocrx_word' id='word_1_242' title='bbox 976 4415 1055 4468; x_wconf 87' lang='lat' dir='ltr'>Hunc</span> <span class='ocrx_word' id='word_1_243' title='bbox 1072 4414 1163 4467; x_wconf 88' lang='lat' dir='ltr'>locum</span> <span class='ocrx_word' id='word_1_244' title='bbox 1183 4418 1282 4469; x_wconf 81' lang='lat' dir='ltr'>tractat</span> <span class='ocrx_word' id='word_1_245' title='bbox 1299 4430 1362 4482; x_wconf 82' lang='lat' dir='ltr'>pag.</span> <span class='ocrx_word' id='word_1_246' title='bbox 1382 4414 1423 4467; x_wconf 82' lang='lat'>43.</span> 
     </span>
    </p>
   </div>
   <div class='ocr_carea' id='block_1_8' title="bbox 0 0 1658 5144">
    <p class='ocr_par' dir='ltr' id='par_1_12' title="bbox 0 0 1658 5144">
     <span class='ocr_line' id='line_1_33' title="bbox 0 0 1658 5144; baseline 0 1"><span class='ocrx_word' id='word_1_247' title='bbox 0 0 1658 5144; x_wconf 95' lang='lat' dir='ltr'> </span> 
     </span>
    </p>
   </div>
  </div>
 </body>
</html>
