3306 5144
907 476 948 538 94

351 668 568 732 sententiam:
606 674 690 747 ¹ante
725 666 840 730 omnia
872 665 1010 750 quidem
1046 665 1158 730 danda
1190 687 1300 751 opera,
1334 674 1373 731 ut
1404 687 1521 751 neque

351 787 454 854 verbo
475 809 585 872 neque
606 789 695 852 iacto
716 807 847 872 pecces;
883 786 974 871 quod
1002 787 1029 851 si
1057 793 1171 851 autem
1198 786 1233 850 id
1260 787 1332 851 fieri
1358 796 1520 872 nequeat,

352 911 470 976 saltem
492 909 681 976 cavendum
704 915 762 986 est,
786 915 824 972 ut
845 909 988 972 minima
1009 908 1279 993 paucissimaque
1297 911 1434 993 pecces,
1460 909 1521 974 sed

352 1032 530 1118 abreptum
557 1031 719 1096 sermonis
749 1030 878 1114 impetu
906 1035 939 1093 et
967 1049 1080 1094 rerum
1108 1029 1211 1115 copiis
1239 1029 1407 1108 obrutum,
1445 1031 1523 1095 aliis
1625 1025 1626 1034 ’

352 1175 394 1218 ex
423 1153 496 1218 aliis
524 1151 735 1238 implicitum,
769 1151 822 1215 sui
852 1151 965 1236 ipsum
995 1150 1137 1215 oblitum
1167 1172 1238 1216 esse
1268 1159 1301 1216 et
1330 1153 1522 1217 orationem

352 1275 584 1360 imperfectam
609 1272 791 1357 reliquisse.
847 1273 976 1339 Verum
1004 1272 1135 1336 etiamsi
1157 1273 1342 1338 orationem
1364 1274 1401 1337 in
1423 1273 1522 1338 illam

353 1396 554 1461 sententiam
570 1394 706 1459 Reiskio
724 1400 858 1458 auctore
879 1392 1104 1479 suppleamus,
1130 1415 1199 1459 non
1220 1395 1342 1459 rectius
1361 1394 1521 1473 decurrit,

353 1539 415 1584 nec
448 1515 616 1602 quomodo
650 1515 723 1580 haec
757 1536 835 1580 cum
863 1512 1138 1580 antecedentibus
1166 1515 1363 1594 cohaereant,
1393 1516 1524 1582 intelle
1626 1522 1627 1588 Ῑ

352 1640 451 1723 gitur.
507 1637 640 1702 Primus
662 1636 951 1721 Wyttenbachius,
974 1634 1154 1702 Duebnero
1176 1636 1349 1721 probante,
1383 1645 1523 1703 secutus

353 1759 482 1829 codices
514 1759 683 1823 Parisinos
717 1759 742 1822 Ο
776 1765 809 1822 et
840 1758 885 1836 E,
918 1757 982 1822 hac
1014 1757 1285 1843 interpunctione
1326 1759 1426 1823 Τοῦτο
1461 1759 1522 1824 οὖν

353 1880 516 1964 ὠφέλιμόν
545 1882 620 1958 ἓστι;
653 1881 736 1943 πάνυ
763 1879 822 1962 μὲν
851 1878 908 1942 οὐν
931 1899 938 1912 ·
961 1879 1194 1961 εὐλαβούμενον
1223 1881 1285 1943 κτλ.
1308 1880 1519 1945 tolerabilem

354 2022 491 2067 sensum
513 2001 665 2065 restituit.
712 1999 777 2065 Sed
795 1999 849 2066 vel
867 2001 913 2064 ita
933 1999 1126 2078 infinitivus,
1150 2001 1210 2085 qui
1227 2007 1424 2085 sequuntur,
1450 2024 1521 2067 non

354 2129 469 2208 aptam
501 2122 758 2207 explicationem
793 2121 926 2199 habere,
961 2121 1143 2186 ostendunt
1174 2121 1280 2207 ipsius
1310 2123 1522 2190 animadver-

355 2245 473 2322 siones
504 2243 563 2308 ubi
585 2251 698 2329 aperte
719 2244 756 2308 in
778 2244 831 2309 his
852 2245 958 2309 haeret
979 2245 1032 2310 vir
1054 2242 1180 2308 doctus.
1232 2243 1424 2308 Heroherus
1448 2266 1518 2309 non

355 2367 426 2431 sine
448 2386 550 2430 causa
571 2372 647 2450 post
668 2368 751 2429 πάνυ
773 2367 832 2448 μὲν
855 2365 912 2429 οὖν
934 2365 1092 2432 beonnam
1114 2366 1269 2450 signavit,
1299 2387 1418 2430 verum
1442 2387 1520 2451 quae

355 2486 543 2573 supplenda
565 2493 684 2565 essent,
707 2508 776 2551 non
799 2487 937 2564 invenit,
962 2507 1024 2551 nec
1045 2487 1153 2570 magis
1177 2486 1321 2551 Cobetus
1330 2486 1362 2571 1),
1386 2488 1448 2572 qui
1476 2487 1520 2552 ad

355 2609 556 2674 sententiam
583 2607 637 2673 ille
665 2607 803 2692 quidem
825 2615 921 2685 recte,
954 2606 1065 2672 verbis
1089 2628 1209 2692 parum
1232 2607 1451 2692 probabiliter
1474 2610 1521 2673 ita

355 2729 570 2796 scribendum
602 2751 672 2794 esse
706 2729 838 2794 censuit
864 2729 958 2792 Πάνυ
988 2730 1047 2811 μὲν
1077 2728 1135 2792 οὐν
1162 2729 1263 2812 (τοῦτο
1294 2730 1354 2811 γάρ
1387 2732 1521 2812 μάλιστα

357 2853 496 2916 διδάσκει
527 2853 658 2915 ἕκαστον
691 2853 785 2933 ἡμῶν
817 2851 871 2913 καὶ
903 2850 1066 2935 συνεδίζει)
1099 2852 1333 2933 εὐλαβούμενον
1366 2854 1424 2934 ζῆν
1458 2853 1521 2915 κτλ.

357 2974 442 3038 Mihi
474 2973 532 3039 vix
565 2972 707 3037 dubium
740 2971 882 3049 videtur,
917 2973 1001 3055 quin
1034 2979 1110 3056 post
1138 2975 1221 3036 πάνυ
1248 2972 1307 3055 μὲν
1335 2972 1392 3036 οὖν
1421 2973 1522 3038 inter-

356 3093 552 3180 ponendum
582 3094 624 3158 sit
652 3094 815 3176 ὠφέλιμόν
837 3095 906 3166 ἐστι,
940 3093 1031 3177 quod
1053 3093 1217 3170 librarius⁷
1252 3115 1330 3157 cum
1352 3115 1455 3179 prave
1479 3116 1521 3159 ex

358 3214 584 3301 superioribus
606 3215 785 3299 repetitum
808 3236 879 3280 esse
902 3215 1058 3293 erederet,
1082 3215 1145 3280 hoc
1168 3215 1239 3280 loco
1262 3215 1382 3279 omisit.
1436 3216 1521 3281 Scri-

302 3351 328 3421 (
356 3338 506 3403 bendum
544 3336 647 3420 igitur
691 3305 789 3400 Τδύτσ
830 3335 887 3400 οὐν
927 3337 1090 3420 ὠφέλιμόν
1128 3338 1207 3412 ἕοτι,·
1247 3338 1330 3399 πάνυ
1368 3337 1427 3419 μὲν
1461 3337 1519 3402 οὐν

303 3414 324 3559 <1
356 3461 518 3544 ὠφέλιμόν
541 3459 620 3521 ἔστιν
643 3459 876 3540 εὐλαβούμενον
899 3460 956 3540 ζῆν
979 3459 1040 3521 κτλ.

353 3749 387 3812 p.
410 3728 493 3795 aad
515 3731 603 3813 (cop.
628 3728 709 3809 IV).

440 3852 480 3911 ἂν
503 3850 536 3912 δὲ
558 3850 741 3933 λοιδορῆσαι
762 3848 940 3930 προαχθῇς,
971 3848 1072 3928 ἄπαγε
1098 3847 1296 3927 πορρωτάτω
1319 3846 1449 3909 σεαυτὸν
1472 3844 1519 3909 ὧν

356 3971 507 4053 λοιδορεῖς
536 3971 654 4033 ἐκεῖνον
678 4020 685 4035 .
714 3969 828 4032 ἐνδύου
857 3977 894 4051 τῇ
923 3976 1021 4051 ψυχῇ,
1049 3968 1229 4048 περισκόπει
1258 3968 1295 4029 τὰ
1323 3969 1438 4048 οαδρά,
1471 3968 1516 4050 μή

356 4094 399 4161 τίς
421 4093 472 4155 σοί
491 4091 592 4153 πσύεν
614 4092 853 4172 ὑποφθέγγηται
876 4090 971 4152 κακία
992 4089 1027 4152 τὸ
1049 4095 1104 4151 τοῦ
1126 4088 1293 4169 τραγῳδοῦ

629 4211 740 4291 ιάλλων
762 4210 867 4291 ῑατρδς
889 4210 982 4281 αὐτὸς
1004 4211 1103 4273 ἕλκεσι
1124 4209 1253 4291 βρύωύ.

394 4469 414 4533 ¹)
435 4468 616 4534 Mnemosyne
635 4461 668 4516 N.
690 4462 717 4515 S.
736 4463 754 4526 Ι,
773 4461 833 4515 362.
