3306 5144
751 459 810 522 147

199 647 292 718 αὖθις
320 650 478 712 ἀπολείπει
508 648 722 713 scribendum
751 671 821 714 esse
844 651 982 714 censuit.
1045 649 1122 714 Non
1151 649 1265 713 minus
1292 670 1362 734 per-

201 791 315 853 peram
338 769 494 833 Reiskius
517 771 716 854 scripturam
740 770 862 835 codicis
884 771 1060 837 Petaviani
1082 773 1236 853 γεωργίας
1257 773 1360 853 αὐτῆς.

201 891 388 972 ὃιαλααμένη
419 892 481 953 κτλ.
511 892 693 974 genuinam
718 913 788 956 esse
810 892 957 976 putavit;
986 891 1265 976 Wyttenbaohius
1287 891 1361 955 Plu-

199 1011 353 1074 tarchum
377 1065 382 1076 .
409 1064 414 1076 .
441 1065 446 1076 .
472 1013 633 1094 γεωργίας.
677 1015 754 1096 αὕτη
778 1014 838 1095 γὰρ
862 1014 1050 1096 διαλεγομένη
1069 1013 1238 1098 scripsisse
1258 1013 1362 1096 suspi-

199 1139 292 1196 catus
342 1138 400 1196 est.
478 1132 644 1197 Omnibus
693 1134 746 1197 his
797 1134 1056 1199 correctionibus
1100 1133 1218 1212 obstat,
1270 1132 1361 1217 quod

199 1275 266 1317 non
305 1253 340 1316 τὸ
382 1257 535 1336 γεωργίας
571 1256 672 1318 δεινόν
702 1257 771 1328 ἔστι,
811 1255 869 1320 sed
908 1277 947 1320 ea
978 1256 1156 1320 hominurn
1199 1254 1359 1332 condiciO,

199 1396 274 1457 quae
297 1376 438 1439 efficitur
455 1374 587 1439 sublata
605 1376 818 1460 agricultura.
864 1377 1028 1441 Praeterea
1045 1376 1226 1442 Cleodorus
1244 1397 1360 1440 omnes

199 1497 356 1562 convivas
372 1495 518 1581 appellat
528 1496 560 1579 ¹),
584 1518 653 1561 non
665 1497 773 1561 solum
787 1497 953 1574 Solonem,
971 1505 1010 1561 ut
1026 1499 1164 1562 tortasse
1182 1518 1241 1581 pro
1261 1499 1360 1579 ἑταῖρε

198 1616 412 1680 scribendum
435 1618 478 1681 sit
499 1619 622 1699 ἑταῖροι.
677 1619 790 1702 Ipsam
820 1618 978 1683 lacunam
1000 1620 1046 1683 sic
1068 1620 1136 1682 iere
1159 1618 1360 1703 explendam

198 1759 268 1802 esse
291 1759 424 1802 censeo:
456 1739 557 1802 δεινὸν
578 1740 637 1822 μὲν
660 1737 726 1817 οὖν,
757 1739 786 1803 ὦ·
816 1742 939 1823 ἑταῖροι,
973 1742 1026 1803 καὶ
1047 1741 1082 1803 τὸ
1105 1735 1258 1822 γεωργίας
1281 1740 1359 1822 αὐτῇ

198 1859 262 1941 (sol.
282 1867 319 1941 τῇ
337 1861 451 1942 τροφῇ)
474 1862 769 1944 συναποστερεῖσθαι
783 1914 788 1925 .
803 1863 991 1945 διαλεγομένη
1012 1861 1071 1943 γὰρ
1089 1860 1182 1930 αὖθις
1201 1861 1359 1924 ἀπολείπει

198 1987 255 2061 γῆν
287 1982 361 2062 ἡμῖν
394 1982 544 2063 ἄμορφον
576 1983 638 2044 κτλ.
689 1982 807 2046 Latine
841 1983 887 2046 sic
920 1981 1134 2049 vertendum:
1172 1987 1266 2062 ,certe
1296 1981 1359 2046 hoc

197 2101 357 2165 miserum
374 2109 424 2166 est
440 2103 541 2166 etiam
553 2102 757 2185 agricultura
769 2104 868 2167 simul
881 2125 959 2168 curn
972 2125 1010 2169 eo
1023 2103 1101 2187 (soil.
1115 2102 1199 2186 cibo)
1212 2103 1355 2187 privari'.

190 2444 226 2506 p.
251 2424 317 2492 158
316 2424 351 2512 s
365 2424 453 2509 (cop.
468 2426 575 2508 XV).

282 2547 389 2626 ιε’ντεῖνο
418 2547 486 2610 δὀὐ
508 2548 611 2628 λέγεις’
636 2546 732 2620 εἷπον,
763 2548 816 2627 ιὅτι
838 2548 891 2610 καὶ
912 2547 966 2610 τὸν
986 2549 1086 2610 ὕπνον
1107 2548 1174 2629 ἅμα
1196 2553 1233 2630 τῇ
1255 2552 1358 2628 τροφῇ

196 2669 464 2750 συνεκβάλλομεν.

283 2789 394 2873 Vulgo
417 2789 476 2854 sed
498 2811 619 2874 parum
641 2797 717 2875 apte
741 2796 815 2875 post
837 2791 1087 2873 συνεκβάλλομεν
1109 2789 1245 2875 ponitur
1262 2788 1359 2852 inter·

197 2910 379 2993 rogationis
407 2911 552 2994 signum,
583 2911 674 2994 quod
697 2919 783 2976 certe
806 2918 931 3006 puncto
954 2909 1247 2987 commutandum;
1278 2929 1357 2973 narn

196 3052 275 3094 cum
318 3031 395 3109 iam,
448 3031 604 3096 omnibus
656 3031 881 3110 audientibus,
931 3033 1135 3117 peroraverit
1178 3029 1358 3095 Cleodorus

197 3151 405 3235 (Κλεοδώρου
420 3153 637 3236 διαλιπόντος),
661 3154 888 3238 interpellator
905 3159 992 3218 recte
1013 3153 1120 3218 dicere
1138 3158 1261 3239 potest:
1288 3151 1358 3232 ,hoc

195 3273 249 3338 vel
287 3273 370 3338 illud
410 3276 555 3353 omittis',
597 3277 810 3359 interrogare,
851 3297 935 3340 num
973 3275 1037 3339 hoc
1075 3275 1129 3341 vel
1167 3272 1250 3338 illud
1289 3293 1358 3336 non

195 3403 441 3474 commemoret,
465 3396 650 3462 absurdum
673 3403 731 3461 est.
777 3397 812 3461 Si
840 3397 963 3476 futuro,
992 3418 1061 3461 non
1084 3394 1250 3481 praesenti,
1278 3399 1359 3456 tem-

195 3538 274 3600 pore
309 3517 429 3601 (λέγεις)
468 3540 549 3583 usus
590 3524 675 3583 esset
710 3517 919 3596 Plutarchus,
965 3523 1052 3582 recte
1093 3518 1229 3601 signum
1260 3515 1358 3578 inter·
1429 3602 1436 3620 ι

194 3639 375 3723 rogationis
398 3646 586 3725 poneretur.

187 3966 224 4029 ρ.
250 3946 344 4011 1599
365 3945 454 4029 (cop.
480 3945 596 4027 XVI).
1142 4045 1144 4051 Α

290 4117 296 4127 .
326 4116 331 4127 .
361 4115 368 4127 .
398 4066 489 4136 ὅπως
520 4068 669 4148 τράπεζαι
701 4066 755 4128 καὶ
787 4072 941 4147 κρατῆρες
974 4063 1033 4128 ὦσι
1065 4068 1101 4127 αἲ
1129 4066 1271 4148 Δήμητρι
1303 4067 1357 4130 καὶ

193 4187 284 4270 Κόρῃ
307 4189 416 4250 θύεται
438 4189 487 4249 ἔτι.

229 4438 249 4500 ¹)
268 4440 324 4495 Vid.
344 4439 408 4492 finis
426 4439 524 4506 capitis
543 4431 621 4503 ἡμεῖς
640 4433 693 4503 μὲν
713 4427 759 4486 οὖν
778 4433 837 4491 κτλ.
