3306 5144
708 483 748 547 97

147 679 183 742 in
204 683 355 742 mentem
378 676 479 752 venit,
508 676 577 740 iam
600 673 757 740 Reiskius
780 676 965 760 occupavit.
1012 674 1110 742 Unde
1132 676 1312 760 sumpserit

33 775 34 866 s
146 797 347 864 Plutarchus
369 817 505 862 versum
527 795 623 860 illum
646 795 700 862 vel
720 797 949 880 fragmentum
971 817 1087 862 versus
1115 796 1205 880 (uam
1227 798 1311 881 quin

146 925 253 1004 poetae
275 919 348 982 haec
363 917 467 984 verba
483 916 662 982 tribuenda
680 923 791 984 essent
808 939 907 984 nemo
926 917 1037 983 adhuc
1056 917 1233 1002 dubitavit)
1250 939 1312 983 nec

146 1040 359 1106 doctissimus
376 1038 657 1123 Wyttenbachius
678 1060 749 1116 neo,
773 1040 866 1123 quod
887 1040 1000 1118 sciam,
1024 1040 1206 1124 quisquam
1227 1039 1312 1105 alius

146 1163 242 1229 eruit.
299 1160 364 1226 sed
396 1161 461 1226 hoc
494 1160 634 1226 minoris
663 1161 827 1226 momenti
854 1168 912 1239 est,
946 1161 1081 1227 maioris
1109 1160 1192 1226 illud
1212 1160 1313 1245 xquod

145 1305 264 1348 versus
294 1282 348 1348 ille
383 1281 507 1348 menda
535 1281 672 1360 laborat,
706 1303 811 1366 quam
839 1303 956 1349 omnes
983 1281 1125 1348 editores
1152 1283 1313 1348 intactam

33 1427 34 1472 i
145 1405 321 1488 reliquisse
354 1404 465 1468 miror.
521 1402 625 1470 Poeta
654 1404 725 1470 sine
754 1403 857 1470 dubio
885 1403 993 1470 dicere
1015 1403 1138 1470 voluit:
1175 1412 1314 1489 praeter-

145 1531 304 1592 natantes
343 1523 570 1590 cavillatorem
611 1523 666 1608 (an
707 1525 790 1611 quid
823 1524 925 1609 aliud)
965 1531 1128 1609 tauquam
1168 1524 1313 1590 arduum

145 1647 346 1733 scopulum',
378 1667 447 1711 non
480 1653 763 1731 praeteruolantes
785 1646 930 1712 arduum
953 1646 1128 1732 scopulum
1150 1653 1313 1731 tanquam

145 1768 395 1836 cavillatorem'.
456 1767 544 1832 Nam
585 1769 613 1834 si
652 1767 692 1834 de
731 1789 814 1853 rupe
852 1790 887 1833 re
925 1789 1005 1834 vera
1044 1767 1313 1853 praeternatanda

144 1891 332 1966 cecinisset,
356 1889 561 1974 comparatio
583 1910 604 1953 a
625 1888 815 1955 cavillatore
838 1897 974 1975 sumpta
995 1911 1064 1955 non
1088 1889 1188 1954 modo
1215 1889 1312 1955 valde

143 2013 286 2096 frigeret
308 2009 366 2075 sed
383 2030 485 2074 sensu
502 2031 637 2095 prorsus
655 2018 787 2077 careret.
833 2011 945 2076 Etiam
962 2011 1114 2076 hocloco
1133 2010 1312 2076 verborum
1363 1995 1365 2000 ¹

33 2177 34 2184 ι
145 2133 229 2198 ordo
259 2131 415 2198 turbatus
443 2139 501 2210 est,
536 2131 627 2216 quod
655 2091 943 2226 tantopuuuonlin
965 2130 1312 2198 animadversionibus
1334 2113 1372 2199 f.
1389 2097 1467 2167 ζῶ

143 2253 314 2319 intellexit
334 2243 630 2338 Wytteubaohius;
655 2223 786 2339 scripsit
807 2253 1021 2319 Plutarchus:
1045 2254 1174 2318 λισσάδα
1197 2255 1312 2334 πέτραν
1331 2281 1445 2424 ἔφη
1465 2276 1515 2346 37,
1535 2241 1577 2324 A

143 2379 191 2446 ὣς
219 2376 454 2458 φιλοκέρτομον
475 2377 767 2458 παρανηχομένους.
811 2376 956 2440 Metrum
979 2375 1162 2452 restituere,
1186 2375 1311 2459 quippe

141 2497 178 2562 in
191 2497 387 2580 fragmento
403 2495 500 2562 valde
513 2497 688 2574 incertum,
708 2496 922 2582 supersedere
939 2497 1043 2562 satius
1061 2504 1111 2561 est
1127 2491 1311 2581 praesertim

143 2640 234 2696 oum,
260 2625 299 2683 ut
321 2637 424 2702 supra
446 2617 552 2682 obiter
563 2617 862 2702 Wyttenbachium
884 2625 1028 2684 secutus.
1041 2617 1310 2693 commemoravi,

33 2783 34 2820 3
140 2739 238 2804 haud
273 2739 377 2804 sciam
406 2759 451 2802 an
483 2738 683 2804 Plutarchus
713 2737 754 2804 de
782 2761 852 2817 suo,
886 2740 1024 2804 fortasse
1054 2739 1118 2804 alio
1148 2737 1311 2804 vocabulo

142 2863 262 2938 eiecto,
285 2860 522 2944 interposuerit
543 2860 780 2943 φιλοκέρτομον.

138 3151 172 3214 p.
199 3127 286 3215 90f
300 3127 388 3212 (cop.
411 3128 490 3210 IX).

232 3250 354 3332 ἐχθροῦ
378 3249 412 3312 δὲ
433 3250 487 3312 καλ
504 3249 539 3312 τὸ
557 3251 709 3331 τιμωρίαν
725 3233 909 3331 παραλιπεῖν
926 3251 959 3312 ἐν
975 3257 1079 3332 καιρῷ
1095 3252 1311 3334 παρασχόντος

143 3373 282 3441 ἐπιεικές
304 3372 372 3433 ἔστι.
673 3343 677 3352 .

230 3493 340 3558 Pravo
362 3491 546 3576 Xylander‚
571 3513 718 3576 quocum
741 3492 956 3557 consentiunt
977 3491 1142 3576 Amyotus
1165 3499 1198 3557 et
1220 3493 1311 3558 Kalt

143 3635 277 3692 wasser,
297 3614 345 3678 ita
363 3614 616 3698 interpretatur:
636 3613 801 3694 tCeterum
817 3612 928 3677 oblata
945 3613 1116 3677 occasione
1128 3613 1311 3679 ulciscendi

143 3737 335 3812 inimicum,
366 3756 444 3799 eum
466 3735 607 3799 missum
630 3735 748 3812 facere,
780 3734 1040 3819 aequanimitatis
1062 3737 1131 3799 est'.
1182 3735 1218 3802 Si
1239 3736 1310 3800 haec

147 3857 318 3922 sententia
329 3863 423 3934 esset,
441 3856 618 3921 infeliciter
629 3862 742 3921 noster
757 3857 794 3919 in
811 3876 999 3920 sermonem
1015 3853 1112 3920 valde
1130 3856 1310 3921 obscurum

147 3987 180 4042 et
190 3979 253 4044 vix
267 3977 423 4042 Graecum
440 3977 495 4046 hic
513 3977 668 4062 delapsus
688 3983 783 4055 esset,
801 3997 878 4041 cum
896 3975 1038 4041 scribere
1057 3974 1192 4042 deberet
1207 4003 1309 4060 παρα-

147 4101 261 4163 λείπειν
280 4106 394 4182 καιροῦ
411 4099 637 4182 παραοχόντος,
658 4098 748 4183 quod
767 4121 808 4163 ex
827 4099 1017 4163 coniectura
1028 4119 1088 4183 pro
1106 4119 1154 4176 eu,
1173 4099 1262 4184 quod
1274 4101 1310 4164 iu

149 4218 322 4285 codicibus
330 4226 446 4298 exstat,
455 4219 627 4285 substituit
635 4218 1054 4304 Hercherusprobavitque
1062 4218 1311 4314 Bernardalrisll

187 4470 209 4534 ¹)
229 4473 289 4528 Vid.
308 4473 389 4530 editio
408 4476 475 4531 eius.
527 4522 529 4529 .
