3306 5144
894 491 935 553 80

333 699 473 744 mancus
496 679 539 744 sit
560 701 599 744 ac
622 681 668 745 sio
691 657 890 765 enplendus:
915 680 962 745 ὧν
984 683 1094 745 σκόπει
1115 681 1168 746 τὸν
1189 688 1318 763 πρῶτον
1339 683 1446 754 εὐθύς,
1470 683 1502 744 εἰ

331 801 438 884 βούλει
461 822 466 834 ·
490 802 638 884 καθάπερ
658 802 721 865 κτλ.
771 801 847 867 Alio
869 809 1029 888 praeterea
1051 802 1201 867 eiusdem
1223 803 1390 868 enuntiati
1412 803 1500 867 vitio

334 920 553 987 offendimur:
576 922 658 1005 πρὸς
679 923 793 1006 ἀχανὲς
814 924 950 1005 πέλαγος
972 926 1075 995 ἱστίοις
1097 925 1165 987 θεῖν
1178 923 1292 990 Gracco
1315 923 1381 989 dici
1398 945 1500 1009 posse

333 1065 402 1108 non
429 1045 633 1127 negaverim,
663 1065 872 1128 quamquam
902 1051 988 1108 certe
1011 1047 1053 1116 εἰς
1076 1096 1082 1108 .
1106 1095 1112 1108 .
1137 1095 1143 1108 .
1165 1047 1301 1127 πέλαγος
1322 1046 1430 1130 magis
1454 1067 1502 1110 ex

333 1186 398 1230 usu
420 1164 591 1229 Plutarchi
620 1166 787 1249 luisset¹);
818 1172 977 1231 neutrum
1010 1169 1089 1231 ver'o
1112 1167 1285 1232 sententiae
1306 1167 1408 1231 huius
1431 1165 1502 1231 loci

333 1287 495 1351 satisfacit
505 1287 528 1370 ²)
562 1294 595 1352 et
624 1287 695 1352 sino
725 1286 828 1352 dubio
857 1288 922 1354 viri
952 1287 1041 1353 docti
1062 1308 1165 1371 prave
1187 1288 1235 1352 ita
1256 1288 1374 1353 Latine
1397 1289 1503 1352 inter-

332 1409 454 1492 pretati
474 1416 568 1474 sunt:
595 1408 891 1493 ⁴quemadmodum
913 1409 973 1493 qui
992 1408 1078 1474 datis
1097 1408 1179 1474 velis
1198 1416 1333 1474 vastum
1355 1408 1503 1494 pelagus

333 1530 515 1614 navigant.
549 1529 604 1594 Ad
620 1530 712 1594 hunc
730 1551 866 1594 sensum
878 1530 1070 1595 Hercherus
1082 1531 1296 1595 festinantius
1308 1530 1503 1595 orationem

332 1651 505 1715 Plutarchi
548 1650 815 1718 accommodavit
857 1651 1032 1716 scribendo
1072 1654 1101 1715 οἱ
1140 1652 1174 1716 τὸ
1215 1653 1329 1735 ἀχανὲς
1367 1653 1503 1722 θέοντες

333 1774 437 1843 ἱστίοις
475 1773 619 1854 πέλαγος,
663 1793 740 1857 quae
780 1778 956 1851 structura,
998 1773 1027 1836 si
1066 1774 1204 1838 omnino
1239 1773 1364 1850 Graeca,
1406 1779 1503 1836 certe

333 1894 502 1958 rarissima
524 1901 582 1958 est,
637 1895 709 1979 Ego
731 1915 806 1959 eam
828 1916 897 1959 non
920 1894 1027 1978 magis
1049 1895 1129 1959 ferri
1151 1916 1247 1979 posse
1270 1893 1367 1959 credo
1390 1915 1503 1978 quam

332 2016 401 2078 θεῖν
423 2015 531 2079 πεδίον
560 2023 592 2081 et
622 2016 752 2094 similia,
787 2037 933 2100 quorum
966 2016 1159 2101 exemplum
1188 2016 1321 2080 nullunr
1350 2015 1503 2099 reperire

332 2137 437 2220 potui,
471 2158 580 2221 neque
610 2138 702 2203 enim
728 2138 796 2202 huc
824 2138 969 2222 pertinet
997 2137 1083 2202 Plut.
1113 2137 1193 2202 Fab.
1217 2137 1306 2202 Max.
1336 2158 1361 2201 c.
1386 2140 1427 2203 26
1450 2135 1500 2221 (p.
1575 2171 1580 2180 ·

335 2259 396 2325 189
407 2257 448 2340 d),
480 2265 518 2323 ut
545 2258 659 2324 credat
687 2260 763 2344 quis
792 2259 897 2324 fretus
927 2259 1032 2323 lexico
1055 2258 1315 2343 Wyttenbachii
1349 2279 1430 2323 nam
1457 2259 1502 2323 in
1533 2267 1539 2274 '

7 2450 10 2460 ,
50 2443 53 2460 ,
332 2378 503 2444 codicibus
526 2387 635 2446 exstat
655 2381 775 2463 θεούσῃ
798 2381 885 2463 παρὰ
906 2380 961 2444 τὸν
983 2382 1114 2463 ἔσχατον
1139 2381 1294 2445 κίνδυνον.
1338 2381 1502 2444 Fortasse

45 2504 49 2528 ι
82 2506 115 2532 Δτι
156 2505 188 2526 γε,
215 2475 237 2524 sl

216 2569 222 2583 Ι

244 2477 302 2526 [τε]
389 2501 395 2512 ’
590 2504 600 2525 e
628 2503 637 2526 τ
662 2504 667 2524 ν
701 2503 710 2524 ³
779 2502 784 2524 r
1119 2503 1125 2512 ·
1149 2503 1154 2513 ·
1234 2503 1240 2513 ·
1455 2501 1462 2512 ·

276 2527 296 2617 p
333 2500 548 2565 scribendum
570 2526 599 2565 οι
621 2526 660 2564 εττ
692 2525 806 2585 οχονες
828 2504 900 2574 κτλ.)
923 2501 1014 2585 quod
1031 2522 1157 2585 requiri
1179 2507 1263 2566 ratio
1281 2508 1370 2586 recta
1389 2507 1501 2585 cog1t;

332 2643 451 2688 verum
484 2629 597 2687 tamen
631 2621 757 2700 dubito,
797 2644 880 2686 num
914 2624 1063 2706 genuina
1092 2623 1257 2708 scriptura
1286 2624 1333 2687 sic
1362 2629 1502 2707 reporta

332 2745 384 2822 sit,
414 2765 492 2808 cum
520 2766 589 2809 non
619 2745 698 2808 satis
720 2751 889 2829 appareat,
921 2743 1089 2829 quomodo
1120 2745 1282 2809 mendum
1305 2749 1416 2808 ortum
1440 2744 1498 2809 sit.

326 2996 362 3060 p.
388 2976 431 3042 76
443 2975 528 3044 c-ol
550 2975 638 3062 (cop.
664 2976 746 3060 III).

416 3095 451 3159 τὸ
475 3097 534 3180 γὰρ

504 3221 540 3298 κεί
557 3221 617 3302 γάρ
639 3244 693 3283 κεν
715 3221 768 3282 καὶ
791 3220 924 3303 σμικρὸν
946 3221 996 3283 ε’ττὶ
1019 3228 1145 3303 σμικρῷ
1166 3219 1317 3282 καταθεῖο

704 3341 757 3403 καὶ
779 3341 871 3423 θαμὰ
893 3342 981 3405 τοῦθ’
1007 3342 1117 3424 ἕρδοις’

332 3462 370 3526 οὐ
398 3459 480 3544 πρὸς
501 3463 653 3544 ἀργυρίου
681 3462 782 3545 μόνον
812 3464 941 3546 αὔξησιν
971 3465 1087 3546 εἴρηται
1109 3463 1225 3534 καλῶς)
1253 3462 1316 3525 ἀλλ’
1344 3463 1387 3531 εἰς
1408 3463 1499 3525 ἅπαν

330 3589 419 3657 ποιεῖ,
442 3586 573 3667 μάλιστα
597 3584 670 3655 ὃέῑς
691 3585 803 3667 ἀρετῆς
825 3584 970 3648 ἐπίδοσιν.

416 3704 668 3790 Wyttenbachii
697 3705 955 3790 explicationem
977 3706 1079 3770 huius
1102 3706 1166 3769 loci
1187 3703 1327 3790 probare
1351 3723 1496 3787 nequeo.

331 3824 403 3888 Etsi
443 3826 534 3890 enim
573 3826 715 3894 verbum
753 3833 851 3891 ποιεῖν
886 3847 1144 3910 nonnunquam,
1192 3825 1360 3910 praecipue
1400 3825 1497 3909 apud

331 3946 507 4031 scriptores
529 3948 715 4027 medicinae,
746 3950 793 4014 ita
815 3949 965 4034 positum
987 3954 1045 4025 est,
1075 3953 1113 4010 ut
1135 3945 1341 4030 significetur
1366 3947 1495 4025 lacere,

369 4197 389 4262 ¹)
409 4199 505 4268 Comp.
524 4200 593 4255 Plut.
611 4202 703 4256 AEmil.
723 4203 800 4258 Paul.
820 4219 841 4256 c.
861 4201 904 4268 25,
927 4202 944 4254 5
963 4216 1026 4254 cum
1046 4203 1139 4254 annot.
1158 4199 1261 4264 Heldii;
1288 4199 1495 4268 Wyttenbachii

411 4287 552 4343 animadv·
573 4288 609 4343 ad
627 4290 694 4344 Mor.
713 4306 741 4358 p.
761 4289 826 4344 760.

368 4370 389 4436 ²)
411 4375 561 4442 Utrumque
580 4376 676 4432 Latine
699 4393 756 4431 non
782 4379 861 4432 aliter
883 4379 950 4431 verti
970 4379 1059 4444 potest
1078 4390 1160 4442 quarn
1182 4375 1312 4437 ⁸celeriter
1331 4379 1359 4428 τή
1378 4376 1495 4430 immen-

411 4479 474 4517 sum
493 4479 571 4518 mare
588 4465 658 4519 velis
676 4463 758 4518 ferri'.

387 4990 771 5117 A
