3282 5146
893 471 934 534 56

271 672 295 719 υ
330 661 432 727 alicui
443 663 552 727 facere
566 662 609 727 ad
631 661 851 740 laudandum,
874 683 960 746 quae,
984 662 1012 727 si
1035 663 1090 726 cui
1112 660 1220 739 datur,
1238 662 1359 752 tacitus
1378 668 1510 758 manet

293 771 300 784 Κ
331 790 364 848 ct
385 783 484 848 laude
506 782 668 861 abstines
699 791 815 850 contra
837 786 949 868 καιρόν
975 809 1031 848 τινι
1057 790 1230 866 παρασχεῖν
1258 783 1340 866 πρὸς
1368 785 1510 847 ἔπαινον

330 911 381 970 est
407 905 602 970 facultatem
631 905 731 969 alicui
762 904 842 972 dare
864 906 907 970 ad
928 904 1154 983 laudandum;
1176 905 1230 968 hae
1252 904 1438 969 locutiones
1463 905 1507 968 in

253 1026 279 1100 d
304 1009 313 1067 i
329 1027 439 1091 vicem
451 1047 485 1090 se
499 1025 692 1104 excludunt,
711 1047 772 1091 nec
785 1026 966 1092 ullomodo
979 1025 1020 1091 ds
1033 1025 1355 1090 eiusdemorationis
1372 1027 1504 1090 effectu

280 1173 291 1198 x
314 1147 426 1210 iuxta
447 1148 529 1231 poni
551 1153 700 1232 possunt.
738 1147 838 1212 Hanc
861 1146 1095 1212 difficultatem
1117 1146 1186 1212 leni
1208 1153 1241 1212 et
1261 1146 1353 1211 facili
1374 1167 1507 1211 corree-

331 1269 424 1332 tione
447 1269 494 1332 sic
516 1268 588 1333 tolli
609 1289 706 1353 posse
729 1268 841 1333 credo:
865 1271 921 1332 καί
940 1275 1016 1353 post
1036 1292 1101 1332 τινα
1124 1266 1305 1332 delendum
1327 1275 1366 1333 ut
1387 1289 1505 1333 errore

331 1410 374 1453 ex
395 1389 491 1453 initio
513 1390 605 1455 vocis
628 1397 769 1474 sequent
755 1391 798 1454 tis
824 1390 959 1474 (καιρόν)
983 1389 1178 1475 repetitum3
1202 1410 1262 1475 pro
1285 1388 1425 1453 substan
1427 1389 1506 1454 tivo

330 1511 442 1593 καιρόν
463 1510 659 1596 ponendum
682 1518 732 1576 est
752 1511 957 1577 adiectivum
984 1514 1123 1594 καίριον;
1154 1512 1304 1614 signum
1316 1510 1504 1594 interroga-

106 1691 112 1702 ,
293 1627 312 1665 s
289 1633 439 1728 tionis
464 1632 554 1716 quod
577 1633 693 1717 post''
673 1657 801 1696 επαινον
819 1631 861 1697 ab
877 1631 1035 1697 omnibus
1057 1632 1125 1696 iere
1147 1606 1329 1696 editoribus
1348 1632 1502 1716 ponitur,

34 1713 128 1774 w
123 1715 204 1757 mn
212 1714 316 1820 ,s
313 1761 456 1842 puncto
468 1753 755 1831 commutandum
779 1759 818 1817 ut
838 1753 910 1818 haee
928 1760 1044 1818 senten
1046 1753 1320 1818 tiateificiaturz.
1346 1759 1503 1818 ..certe

331 1875 436 1939 oratio
458 1897 478 1938 a
500 1875 581 1953 viro
605 1875 665 1958 qui
687 1874 763 1939 doct
749 1880 804 1938 tus
821 1875 874 1941 vel
891 1873 993 1939 habet
979 1882 1034 1939 tur
1051 1875 1105 1941 vel
1122 1873 1318 1960 appellatur,
1342 1881 1503 1958 perorata

331 2017 401 2060 non
440 2017 576 2080 prorsus
610 1994 825 2060 audientibus
861 1996 1031 2062 benevolis
1070 2001 1103 2060 at
1141 1996 1300 2060 humanis
1338 1994 1500 2059 idoneam

330 2117 524 2182 facultatem
536 2117 723 2202 respirandi
744 2117 787 2182 ad
809 2116 1019 2182 laudandum
1036 2117 1160 2194 fecerit,
1183 2117 1203 2182 i.
1223 2139 1248 2181 e.
1273 2137 1342 2181 non
1359 2137 1500 2201 prorsus

331 2237 471 2322 indigna
500 2259 570 2302 esse
603 2245 721 2324 potest,
751 2260 827 2323 quae
856 2238 1020 2304 laudetur.
1049 2275 1091 2284 —
1127 2237 1178 2308 Τις
1201 2237 1292 2321 (τινα)
1326 2238 1389 2302 boc
1422 2237 1501 2302 loco

330 2341 430 2444 plane
463 2360 603 2424 articulo
631 2360 764 2424 infinito
801 2361 906 2425 nostri
936 2359 1099 2424 sermonis
1127 2358 1308 2444 respondet
1337 2360 1376 2423 ci.
1406 2359 1496 2424 Piut.

331 2481 413 2546 Mor.
437 2484 505 2547 450
538 2482 683 2563 καδέδρα
713 2483 745 2543 τέ
770 2505 814 2552 τις
841 2482 1003 2563 ἄθρυπτος
1025 2481 1078 2544 καὶ
1100 2477 1243 2564 ἀκλινής;
1275 2479 1376 2566 paulo
1399 2480 1500 2545 aliter

330 2602 469 2685 ponitur
492 2622 594 2686 supra
615 2623 646 2687 p.
671 2605 747 2667 die:
770 2609 847 2665 νοῦν
869 2626 934 2665 τινα
956 2604 1054 2676 ἄξιον.

325 2866 362 2929 p.
385 2846 462 2910 47ιι
484 2844 574 2928 (cop.
598 2843 716 2927 XVI).

415 2965 468 3028 καὶ
501 2966 561 3047 γὰρ
594 2967 634 3028 ἂν
666 2966 786 3036 ἀδίκως
819 2969 838 3050 ἡ
873 2968 1043 3050 ἐπιτίμησις
1077 2967 1235 3048 γίγνεσθαι
1269 2967 1358 3050 δοκῇ,
1394 2966 1497 3030 καλὸν

331 3087 524 3168 ἀνασχέσθαι
564 3087 616 3150 καὶ
657 3088 896 3172 διακαρτερῆσαι
936 3089 1088 3171 λέγοντος·
1129 3089 1324 3170 παυσαμένῳ
1365 3087 1495 3151 δἀὐτδν

331 3209 466 3290 ἐντυχεῖν
488 3208 746 3291 ἀπολογούμενον
766 3211 830 3274 κτλ.

415 3328 576 3393 Bitariam
603 3329 695 3395 locus
725 3337 901 3416 corruptus
924 3336 987 3394 est:
1017 3329 1060 3393 ad
1081 3330 1276 3414 genetivum
1299 3329 1493 3395 absolutum

262 3425 295 3489 Η
330 3451 473 3531 λέγοντος
501 3449 690 3516 subiectum
719 3452 812 3517 nullo
842 3451 942 3516 modo
972 3450 1081 3516 audiri
1110 3458 1220 3536 potest
1242 3457 1275 3516 at
1296 3451 1332 3515 in
1355 3471 1494 3535 sequen-

289 3559 294 3571 *
330 3569 420 3636 tibus
448 3572 542 3635 αὐτόν
569 3571 613 3636 ad
639 3574 848 3640 infinitivum
875 3575 1009 3655 ἐντυχεῖν
1042 3572 1241 3637 adiunctum
1273 3572 1372 3657 plane
1394 3579 1495 3638 vacat

330 3700 430 3776 atque
475 3693 558 3758 adeo
601 3694 780 3759 molestum
824 3701 882 3772 est,
928 3715 1005 3758 cum
1049 3694 1134 3758 nihil
1172 3693 1264 3758 aliud
1303 3693 1491 3778 significare

329 3815 435 3900 possit
471 3814 537 3878 nisi
579 3814 692 3899 ipsum
735 3821 951 3900 praesentem3
991 3816 1222 3881 accusativum
1260 3816 1296 3880 in
1337 3814 1490 3902 dativum

329 3941 470 4014 mutare,
504 3941 544 3999 ut
571 3936 650 4000 feeit
681 3935 837 4001 librarius
867 3937 938 4002 cod.
968 3938 1076 4016 Vula,
1109 3937 1342 4028 vetat-hiatus
1374 3927 1490 4020 (αὐτῴζ
1524 3911 1528 3947 ’

329 4057 485 4140 ἐντυχεῖν).
554 4057 711 4142 Suspicor
755 4058 917 4143 scriptum
955 4060 1074 4124 fuisse:
1111 4111 1117 4122 .
1162 4111 1167 4123 .
1204 4111 1211 4124 .
1252 4041 1490 4143 διακαρτερῆσαι

210 4173 225 4242 Τ
260 4162 264 4187 ’
328 4180 472 4262 λέγοντος
500 4180 606 4270 asiaco.
661 4181 856 4264 παυσαμένῳ
880 4169 1044 4264 δ’ἒντυχεῖν
1071 4180 1133 4242 κτλ.
1172 4180 1362 4245 Pronomen
1384 4181 1489 4254 αὐτοῦ,

328 4307 509 4385 postquam
553 4319 661 4366 errore
705 4303 947 4387 transpositum
990 4307 1048 4380 est,
1096 4321 1166 4365 una
1208 4301 1319 4366 littera
1360 4309 1489 4366 mutata

329 4443 409 4488 casu
449 4421 493 4487 ad
533 4444 661 4489 novum
694 4422 805 4488 locum
848 4416 1139 4488 accommodatum
1169 4429 1227 4489 est.
1283 4422 1487 4501 Notandum,
