3306 5144
893 439 953 504 108

429 634 483 700 Sic
510 654 626 699 omnes
655 632 783 699 codices
813 631 957 697 melioris
985 638 1088 710 notae;
1121 632 1158 696 in
1187 631 1390 716 quibusdam
1418 631 1505 696 dete-

342 755 484 822 rioribus
507 754 626 839 (Vulc,
648 753 764 837 Turn.)
786 759 895 818 exstat
916 754 1158 836 ἀποσπάσματα,
1181 752 1272 838 quod
1294 754 1403 838 magis
1425 754 1505 817 usui

343 877 479 962 vulgato
508 877 673 954 convenit,
708 875 766 941 sed
795 874 890 940 docte
918 874 1197 960 Wyttenbachius
1231 876 1268 940 in
1295 874 1505 941 animadver-

343 999 494 1065 sionibus
522 997 596 1063 aliis
618 997 790 1063 Plutarchi
811 995 892 1062 locis
914 998 1081 1079 σπάσματα
1104 995 1262 1062 defendit.
1318 996 1503 1081 Xylander‚

344 1142 446 1206 quem
474 1121 543 1186 fere
565 1118 608 1184 ad
630 1117 772 1186 verbum
795 1125 983 1202 sequuntur
1004 1117 1106 1183 editio
1129 1118 1320 1197 Reiskiana,
1354 1118 1506 1204 Wytten-

344 1242 493 1320 bachius,
516 1241 728 1318 Kaltwasser‚
751 1240 823 1304 haec
839 1239 942 1306 verba
959 1240 1077 1305 Latine
1098 1240 1146 1304 ita
1167 1241 1422 1325 interpretatur:
1450 1240 1507 1318 ‘sio

345 1365 436 1430 euim
464 1362 651 1448 prudentiae
674 1361 846 1448 particulae
868 1361 1025 1445 quaedam
1046 1361 1084 1426 in
1104 1361 1237 1427 minuta
1258 1363 1366 1428 frusta
1388 1362 1507 1428 divisae

345 1489 381 1551 in
414 1485 546 1551 ordines
584 1491 665 1550 eunt
696 1482 858 1550 redactae'.
920 1483 1039 1568 ipsene
1072 1483 1355 1570 interpretationis
1389 1491 1508 1549 auctor

345 1629 419 1673 eam
449 1607 528 1672 satis
557 1605 766 1684 intellexerit,
793 1604 919 1670 dubito.
976 1605 1052 1681 Qua
1081 1625 1160 1671 vero
1181 1606 1379 1672 auctoritate
1399 1607 1509 1670 fretus

346 1728 544 1815 Αωγοῖαεῑ)
577 1728 688 1794 locum
716 1727 763 1792 sic
793 1726 918 1793 Gallice
948 1727 1083 1793 verterit
1115 1728 1213 1807 ‘aussi
1241 1729 1288 1793 les
1320 1729 1444 1814 parties
1476 1735 1509 1792 et

345 1852 515 1936 fragmens
544 1850 585 1915 de
613 1850 645 1914 la
667 1849 836 1934 prudence
859 1847 1007 1934 departie
1030 1854 1063 1913 et
1085 1848 1252 1934 decoupee
1275 1872 1317 1916 en
1340 1851 1509 1936 plusieurs

347 1979 423 2039 sont
452 1971 601 2038 devenus
623 1973 711 2049 arts’,
742 1991 877 2056 prorsus
899 1971 1026 2048 neeci03
1060 1969 1158 2036 credo
1187 1992 1275 2051 eum,
1305 1993 1382 2037 cum
1404 1972 1510 2039 verba

349 2094 465 2159 Graeca
497 2099 653 2179 corrupta
686 2112 756 2158 esse
788 2091 1003 2176 intellegeret,
1037 2113 1079 2156 ex
1110 2093 1246 2177 ingenio
1278 2093 1313 2158 id
1346 2096 1509 2180 posuisse,

348 2215 439 2300 quod
468 2216 499 2281 ei
525 2215 569 2280 ad
597 2214 799 2280 sententiam
826 2214 973 2279 maxime
1002 2214 1292 2280 accommodatum
1314 2214 1509 2292 videbatur;

348 2358 428 2402 nam
449 2337 513 2403 hoc
535 2344 664 2402 certum
686 2343 744 2414 est,
767 2338 866 2410 τάξεις
887 2335 981 2401 nullo
1002 2335 1103 2401 modo
1119 2336 1199 2401 ferri
1216 2358 1322 2422 posse,
1345 2339 1510 2422 quoniam

348 2466 550 2544 repugnaret
582 2457 751 2543 scriptoris
786 2458 968 2536 sententiae,
1008 2457 1188 2542 particulas
1221 2459 1409 2544 prudentiae
1443 2460 1510 2525 late

294 2663 298 2668 ἡ
338 2580 513 2672 dispersas
543 2579 654 2672 denuo
677 2580 774 2664 quasi
795 2579 833 2643 in
853 2580 981 2645 maiora
1003 2600 1141 2665 corpora
1161 2580 1216 2646 vel
1238 2581 1371 2647 ordines
1394 2583 1510 2660 coisse,

349 2703 474 2788 quippe
504 2703 564 2786 qui
593 2700 820 2767 demonstrare
850 2708 997 2779 conetur,
1031 2701 1071 2779 ei,
1100 2701 1159 2787 qui
1188 2703 1293 2768 vitam
1322 2703 1511 2768 humanam

350 2824 543 2909 diligentius
572 2822 766 2901 consideret,
798 2821 924 2907 ubique
951 2823 1083 2901 mentis,
1113 2845 1181 2889 non
1203 2825 1348 2890 fortunae
1370 2827 1511 2891 effectus

350 2966 529 3012 occurrere.
584 2944 781 3031 Explicatio‚
810 2965 913 3029 quam
935 2943 1214 3030 Wyttenbachius
1244 2947 1281 3011 in
1302 2946 1512 3015 animadver-

351 3066 500 3133 sionibus
523 3067 711 3153 proposuit:
737 3067 817 3147 ‘lraec
839 3067 942 3150 igitur
963 3068 1150 3149 φρονήσεως
1162 3067 1353 3152 fragmenta
1370 3068 1425 3134 hic
1443 3069 1512 3133 illic

248 3271 253 3292 1
296 3265 311 3284 Λ
351 3190 386 3253 in
423 3188 575 3254 ordinem
619 3188 770 3253 coierunt
807 3194 840 3252 et
885 3208 1112 3272 quancunque
1155 3196 1262 3254 artem
1306 3191 1510 3268 effecerunt,
1621 3239 1622 3256 ι

247 3387 251 3395 ⁴
289 3289 310 3376 ¹.
352 3309 616 3396 praecedentibus
656 3307 766 3375 verbis
806 3308 966 3407 refellitur
1005 3310 1059 3373 καὶ
1095 3309 1160 3393 μὴν
1198 3313 1231 3374 αἱ
1266 3314 1369 3395 τέχναι
1400 3313 1514 3395 μικραί
1621 3303 1622 3362 l

350 3457 427 3504 τινες
449 3432 524 3497 εἶναι
546 3433 684 3514 λέγονται
707 3431 882 3513 φρονήσεις,
904 3430 1024 3513 μᾶλλον
1047 3432 1234 3516 δ’ἀπορροαὶ
1252 3436 1440 3518 φρονήσεως
1458 3434 1512 3498 καὶ

352 3556 570 3637 ἀποτρίμματα
593 3553 838 3636 ἐνδιεσπαρμένα
860 3560 925 3623 ταῖς
946 3556 1062 3636 χρείαις
1080 3560 1145 3624 ταῖς
1161 3555 1232 3637 περὶ
1248 3555 1302 3619 τὸν
1318 3557 1397 3639 βίον,
1420 3556 1511 3621 unde

352 3675 453 3740 etiam
480 3682 620 3761 apparet
647 3674 810 3741 mendum
838 3674 1029 3740 coniectura
1058 3675 1209 3741 Matthaei
1218 3676 1241 3761 ²)
1271 3679 1314 3748 εἰς
1336 3678 1512 3761 διαφόρους
1620 3735 1621 3766 q

351 3799 450 3870 τάξεις
478 3798 589 3861 sanari
618 3818 687 3862 non
714 3817 819 3882 posse.
875 3796 1028 3863 Fortasse
1062 3818 1163 3862 cauea
1192 3798 1387 3884 corruptelae
1417 3807 1513 3866 erant

353 3917 420 3982 duo
448 3916 611 3983 vocabula
638 3919 768 3982 incuria
795 3919 831 3983 in
859 3938 967 3983 unum
990 3919 1141 3996 conflata,
1172 3925 1211 3983 ut
1232 3919 1446 3986 scribendum
1470 3922 1512 3986 sit

352 4041 406 4104 καὶ
435 4040 495 4123 γὰρ
516 4046 570 4122 τῆς
592 4042 779 4122 φρονήσεως
800 4039 898 4122 μόρια
921 4089 927 4102 .
951 4089 957 4102 .
982 4090 987 4102 .
1011 4041 1053 4110 εἰς
1079 4040 1145 4110 τὰς
1171 4043 1315 4122 πράξεις
1336 4045 1510 4127 κεχώρηκε,
1619 4101 1620 4144 p

392 4338 411 4401 ¹)
432 4343 483 4396 Les
502 4357 617 4396 oevvres
636 4341 756 4394 morales
775 4341 809 4395 de
827 4342 983 4408 Plutarquc.
1012 4340 1090 4394 Paris
1109 4338 1206 4396 16031
1225 4358 1251 4410 p.
1270 4340 1329 4396 335.

391 4425 412 4494 ¹)
430 4429 489 4485 vid.
509 4429 550 4484 ed·
569 4429 688 4484 lluttenii
706 4431 717 4484 l
735 4445 760 4497 p.
779 4426 831 4482 309
851 4433 877 4483 et
895 4428 971 4496 praef.
990 4443 1052 4494 pag.
1071 4427 1164 4482 XXIX.
