3282 5146
724 489 763 552 41

164 683 379 766 γ’ἀκηκόαμεν
396 665 443 752 ὥς
460 683 538 759 κτλ.;
562 681 602 745 cf.
616 681 717 744 etiam
729 702 760 766 p.
774 683 814 746 95
826 680 848 743 f.
861 678 921 743 ubi
938 678 1083 743 laudatis
1099 676 1251 743 versibus
1268 676 1325 741 ali·

100 821 103 826 ’
163 809 247 887 quot
258 803 428 894 Euripidis
444 803 491 866 sic
502 802 624 887 pergit:
644 802 720 864 ἀλλὰ
732 807 823 864 τοῦτο
834 803 901 883 μέν,
914 798 943 863 ὦ
954 800 1121 882 Εὐριπίδη,
1132 799 1325 881 μεταθῶμεν

164 925 214 988 ἐπὶ
240 926 295 996 τὰς
322 926 455 1008 ἔχθρας
490 944 596 1008 comp.
631 928 791 1008 praeterea
822 944 854 1007 p.
888 925 929 988 33
947 924 1049 987 e-ar
1068 941 1096 985 a.
1131 957 1172 964 -
1204 918 1323 983 Latine
1427 905 1430 911 ¹

161 1052 272 1110 totum
301 1045 412 1110 locum
441 1045 487 1110 sie
516 1044 619 1110 reddo
648 1065 689 1108 ex
711 1050 804 1129 parte
827 1042 994 1128 Xylandri
1015 1039 1323 1126 interpretationem

72 1241 74 1246 .
162 1173 311 1232 secutus:
340 1166 457 1242 »Quod
479 1167 507 1231 si
529 1187 597 1251 qua
619 1163 762 1230 absurde
785 1164 873 1229 dicta
895 1171 975 1228 su'nt
995 1184 1057 1228 nec
1074 1162 1187 1227 statim
1204 1160 1322 1237 soluta,

161 1289 210 1352 ita
237 1287 416 1352 refutanda
445 1294 524 1352 sunt
544 1288 586 1352 iis
608 1288 742 1372 quaein
764 1287 965 1352 contrariam
987 1292 1117 1370 partem
1138 1283 1181 1348 ab
1203 1282 1323 1347 iisdem

162 1407 244 1473 alibi
273 1408 361 1473 dicta
390 1416 478 1487 sunt,
509 1415 547 1473 ut
574 1430 643 1474 non
670 1428 865 1473 succenseas
894 1407 1206 1505 ⁰⁰mil⁹fquffflim
1227 1404 1268 1468 iis
1291 1411 1324 1468 et

162 1551 223 1615 per
233 1529 345 1594 iocum
358 1531 583 1615 colloquaris«
617 1531 653 1595 Si
665 1530 711 1594 sic
723 1529 909 1607 scribimus
923 1529 1024 1592 etiam
1036 1548 1111 1612 quae
1123 1511 1341 1611 sequuntur,u

162 1650 206 1714 ab
236 1652 329 1715 omni
357 1658 451 1737 parte
480 1672 563 1716 sana
597 1672 667 1716 esse
697 1652 793 1716 facile
823 1651 1036 1734 intellegitur,
1067 1669 1177 1733 nequo
1212 1647 1322 1712 »deest

162 1772 313 1851 verbum,
348 1795 415 1858 quo
445 1774 611 1838 sententia
639 1779 803 1857 regatur«,
837 1780 876 1837 ut
905 1771 1045 1837 credidit
1073 1743 1170 1836 vetus
1199 1770 1324 1853 aliquis

162 1893 351 1979 librarius1)
373 1900 406 1960 et
427 1901 503 1980 post
524 1915 603 1959 eum
625 1893 1092 1980 ReiskiuaWyttenbachius,
1113 1890 1320 1975 Dobraeus2),

162 2011 362 2080 Duebnerus
395 2016 431 2080 in
464 2015 611 2081 secunda
638 2016 714 2081 edit.
741 2021 837 2096 18563
872 2015 1008 2081 auditur
1037 2015 1128 2079 enim
1155 2013 1251 2078 facile
1280 2034 1321 2078 ex

162 2136 437 2202 antecedentibus
466 2137 608 2203 verbum
643 2137 784 2203 dicendi.
840 2136 1040 2203 Tenendum
1073 2142 1195 2212 autem,
1230 2134 1321 2219 quod

155 2259 250 2323 'viros
284 2257 397 2323 doctos
430 2258 541 2323 adhuc
573 2259 698 2342 fugisse
731 2258 878 2337 videtur,
920 2258 1115 2343 scriptorem
1149 2257 1242 2341 prius
1275 2255 1319 2320 M.

162 2375 356 2464 Sedatum3)
377 2380 430 2444 his
452 2379 563 2446 verbis
585 2379 724 2465 alloqui:
748 2383 853 2454 εὐθύς,
877 2383 905 2444 εἰ
923 2380 1090 2463 βούλει,-
1101 2378 1320 2460 χαλεπότητας,

161 2500 281 2566 deinde
303 2497 492 2566 Homerum
513 2501 580 2566 his:
605 2502 699 2566 clodo
721 2504 774 2566 καὶ
796 2504 890 2566 ἄλλον
912 2503 974 2566 κτλ.
1027 2498 1321 2585 Interpretandum
1340 2469 1364 2540 A·

160 2622 276 2705 igitur:
331 2623 459 2701 »Velut
490 2623 518 2687 si
546 2622 608 2687 tibi
642 2623 776 2689 videtur
810 2625 864 2707 (Μ.
902 2622 1041 2708 Sedato),
1082 2622 1242 2689 adversus
1272 2642 1320 2699 ea,

161 2765 236 2827 quae
258 2743 427 2808 Homerus
451 2797 457 2809 .
483 2797 489 2808 .
515 2797 531 2822 .‚
555 2745 602 2809 ita
624 2745 789 2810 dicamus:
814 2746 884 2810 Scis
907 2751 985 2811 cet«

156 3007 192 3069 p.
215 2985 291 3052 211)
314 2985 402 3070 (cup.
427 2987 508 3069 IV).

244 3105 404 3171 Laudatis
421 3107 572 3174 versibus
589 3109 740 3195 quinque
758 3110 937 3195 tragoediae
957 3109 1138 3195 Sophoclis,
1159 3130 1234 3193 quae
1251 3108 1320 3172 iam

160 3247 229 3290 non
247 3233 362 3305 exstat,
386 3228 457 3294 haec
474 3239 676 3314 sequuntur:
711 3233 955 3316 ἀντιπαραθήσει
977 3231 1070 3316 (πρὸς
1086 3231 1200 3314 ἐκεῖνο)
1220 3231 1319 3294 πολλὰ

159 3353 223 3411 τῶν
239 3349 447 3430 Σοφοκλέους
469 3349 516 3414 ὧν
538 3353 591 3415 καὶ
612 3356 693 3416 ταῦτ’
718 3355 778 3417 ἔστι
795 3355 857 3417 κτλ.
891 3354 1002 3418 Vertit
1018 3352 1200 3438 Xylander,
1224 3353 1320 3417 cuius

159 3470 300 3553 vestigia
333 3491 448 3535 omnes
482 3471 637 3551 editores,
675 3475 735 3558 qui
766 3474 923 3539 Latinam
960 3474 1131 3539 subiciunt
1162 3475 1320 3558 interpre-

159 3591 330 3669 tationem,
354 3591 459 3657 secuti
481 3599 574 3657 sunt:
602 3594 671 3659 »his
693 3596 800 3660 multa
822 3603 969 3682 opponet
990 3595 1092 3660 lector
1115 3594 1315 3680 Sophoclea«

159 3713 230 3778 sine
253 3712 356 3777 dubio
378 3734 490 3798 prave,
513 3736 594 3779 nam
610 3737 720 3800 neque
737 3718 835 3782 tertia
850 3738 993 3803 persona
1010 3715 1187 3801 singularis
1205 3715 1319 3782 Graece

160 3834 205 3898 sic
234 3834 380 3919 ponitur,
412 3841 450 3898 ut
478 3835 609 3902 infinite
642 3812 830 3903 »hominesi
863 3838 1101 3923 significentur,
1131 3859 1241 3923 neque
1262 3838 1319 3903 hic

163 3955 296 4020 »lector«
333 3955 444 4020 audiri
475 3965 592 4042 potest.
661 3959 837 4036 Quomodo
870 3959 942 4025 fieri
974 3962 1128 4046 potuerit,
1172 3967 1211 4025 ut
1248 3967 1318 4025 tam

187 4184 207 4248 ¹)
228 4189 266 4243 Cf.
285 4189 489 4259 Wyttenbachii
508 4193 649 4247 animadv.
671 4195 707 4250 ad
726 4196 754 4249 h.
772 4195 790 4248 l.

186 4271 207 4337 ²)
227 4272 264 4329 Cf.
284 4278 452 4334 Adversaris
470 4280 530 4334 eius
548 4281 575 4335 Τ.
594 4282 605 4336 Ι
624 4298 650 4349 p.
672 4281 720 4334 141
741 4281 783 4337 ed.
811 4283 929 4338 Berolin.
950 4283 1026 4338 1874.

186 4359 206 4430 ³)
226 4364 265 4420 Cl.
285 4382 311 4419 n.
330 4382 395 4420 mea
414 4367 495 4435 adp.
514 4367 578 4422 alh
598 4375 623 4423 et
641 4386 667 4438 p.
688 4369 760 4434 rec
788 4387 877 4440 comp.
906 4373 990 4426 etiam
1018 4388 1044 4440 p.
1073 4369 1126 4424 328
1143 4372 1176 4440 b;
1205 4389 1230 4440 p.
1251 4371 1316 4429 78e

229 4452 286 4512 (ubi
306 4453 432 4508 Sossium
451 4453 630 4511 Senecionem
650 4457 819 4525 alloquitur).

1456 1325 1463 1394 l
