3282 5146
476 455 768 591 “Ure

163 681 239 766 plus
288 682 449 747 molestiae
492 690 526 748 et
569 682 787 748 dubitationis
831 702 935 766 quarn
989 656 1156 748 utilitatis.
1186 685 1292 750 affert.
1303 684 1327 770 1)

164 801 353 868 Novissime
377 803 557 888 Gregorius
576 803 843 886 Bemardakim),
866 805 926 888 qui
947 804 1016 870 iam
1038 810 1138 870 antea
1160 805 1327 891 Symbolis

165 923 233 988 suis
267 924 389 989 criticis
419 924 507 1006 bene
534 925 575 990 de
604 925 784 990 Plutarcho
816 925 956 1007 meritus
986 932 1044 1004 est,
1075 926 1210 992 eosdem
1242 949 1327 1013 quos

164 1044 357 1110 Heroherus
379 1045 485 1110 edidit
505 1045 642 1111 libellos,
688 1046 783 1111 Certe
805 1047 843 1125 is,
872 1047 900 1111 si
923 1047 1113 1132 quisquam,
1136 1049 1262 1135 optime
1284 1049 1328 1114 ad

164 1165 227 1230 hoc
260 1167 435 1251 negotium
468 1166 683 1232 subeundum
716 1168 899 1232 instructus
933 1174 1012 1247 erat,
1052 1175 1092 1234 ut
1130 1171 1190 1254 qui
1227 1171 1329 1235 simul

149 1287 292 1380 doctus,
321 1309 433 1371 sagax,
461 1288 634 1369 Plutarchi
662 1287 797 1354 dicendi
818 1291 949 1373 generis
979 1296 1012 1354 et
1030 1290 1193 1356 codicum
1220 1291 1329 1376 legen-

166 1408 286 1473 dorum
303 1410 525 1494 peritissimus
542 1416 636 1475 esset.
677 1411 807 1478 Verum
824 1403 1010 1490 infeliciter,
1033 1412 1173 1477 fortasse
1189 1412 1326 1492 invitus,
1408 1456 1409 1460 =

165 1531 294 1595 malum
312 1531 476 1596 Heroheri
498 1531 691 1616 exemplum
713 1538 847 1600 secutus
868 1532 897 1596 is
919 1509 1055 1617 quoque
1077 1534 1243 1598 minorem
1265 1535 1330 1599 edi-

96 1721 97 1724 ,
165 1653 291 1738 tionem
313 1659 391 1726 ante
413 1653 584 1732 maiorem,
606 1656 717 1737 ‘quam
739 1652 948 1738 promittit,³)
976 1654 1167 1720 faciendam
1189 1656 1327 1722 curavit.

165 1773 282 1858 Neque
305 1782 419 1840 tamen
441 1796 537 1859 nego,
564 1774 754 1840 editionem
776 1775 848 1838 eius
871 1795 949 1839 cum
981 1767 1097 1840 multis
1126 1776 1200 1841 aliis
1228 1775 1329 1842 rebus

165 1895 403 1961 Heroherianae
435 1902 593 1983 praestare
633 1903 707 1960 tum
740 1917 788 1975 ee,
829 1895 921 1979 quod
959 1896 1125 1961 minorem
1163 1896 1337 1962 delectum

165 2024 346 2102 apparatus
375 2019 428 2082 sui
449 2019 486 2081 in
514 2018 711 2102 praelatione
737 2015 867 2101 publici
899 2017 981 2081 iecit
1011 2018 1103 2082 iuris.
1160 2018 1226 2084 Sed
1258 2040 1328 2084 non

166 2139 245 2202 satis
289 2144 339 2202 est
383 2137 528 2202 delibare
572 2137 726 2202 codicum
770 2137 1019 2222 discrepantiae,
1071 2159 1147 2222 quae
1190 2139 1329 2205 tandem

166 2258 347 2344 aliquando
370 2258 607 2324 exhauriendae
630 2264 739 2337 erant,
752 2265 797 2323 'et
817 2259 855 2323 in
876 2259 986 2324 indice
1008 2258 1172 2324 librorum
1201 2281 1326 2340 eorum,
1421 2240 1423 2246 ¹

158 2380 289 2466 ¹quibus
323 2401 357 2444 se
390 2401 491 2444 usum
525 2401 595 2444 esse
629 2379 718 2458 dicit,
754 2401 848 2464 aegre·
875 2379 942 2445 duo
965 2380 1205 2460 desiderantur,
1239 2403 1328 2447 unus

165 2503 301 2588 optimae
321 2508 409 2567 notae
429 2501 702 2569 Vindobonensis
724 2523 756 2566 n.
773 2500 876 2585 1294),
900 2523 1002 2586 quem
1022 2503 1159 2568 Carolus
1176 2503 1327 2589 Wessely

166 2645 236 2714 sese
258 2624 294 2688 in
323 2645 425 2688 usum
455 2624 526 2688 eius
557 2602 735 2688 contulisse
758 2622 945 2707 aifirmat⁵)‚
980 2623 1063 2688 alter
1084 2622 1328 2691 Ambrosianus

168 2748 228 2812 126
260 2746 330 2823 ini,
373 2765 475 2830 quem
508 2743 552 2808 ad
585 2745 766 2828 scripturas
800 2745 946 2829 corporis
978 2727 1144 2810 Planudei
1176 2752 1329 2812 accurate

167 2866 413 2950 cognoscendas
447 2865 565 2929 utilem
599 2883 680 2930 esse·
703 2872 819 2931 auctor
851 2872 901 2930 est
928 2865 1114 2954 Treuius.⁶)
1169 2867 1330 2932 Criticum

167 2995 276 3065 caute·
305 2988 455 3064 fortasse,
491 2993 530 3050 ut
562 2987 599 3050 in
632 2987 763 3072 scriptis
797 2986 1065 3072 corruptissimis
1098 2987 1200 3052 nimis
1234 2996 1329 3054 caute

167 3109 248 3192 egit3
288 3130 367 3172 eum
396 3129 450 3172 me
479 3107 589 3172 iudice
619 3107 768 3172 codicem
796 3108 827 3171 D
858 3108 963 3192 pluris
992 3108 1080 3184 iusto
1109 3108 1227 3187 iacere,
1261 3111 1329 3174 iam

163 3249 269 3313 <supra
309 3229 578 3296 commemoravi.
591 3228 613 3313 7)
677 3207 825 3294 Omnino
866 3230 897 3294 ei
939 3231 987 3294 ita
1031 3251 1091 3314 pro
1130 3229 1218 3301 dono
1257 3232 1344 3296 eius.

167 3349 291 3433 gratias
313 3371 385 3433 ege,
415 3358 458 3438 ut
473 3372 554 3416 mox
576 3350 711 3434 plenam
734 3349 831 3415 nobis
854 3358 888 3415 et
909 3351 1060 3415 criticam
1082 3371 1186 3434 quarn
1208 3358 1355 3448 vocant-l

166 3471 349 3536 editionem
371 3477 474 3554 paret.

194 3769 215 3835 ¹)
237 3771 369 3826 Similiter
406 3771 439 3825 de
467 3771 599 3825 Heroheri
626 3770 744 3824 editione
776 3770 879 3825 iudicat
907 3771 938 3823 H.
966 3771 1078 3837 Heinze.
1115 3769 1332 3836 Philologischer

235 3860 377 3926 Anzeiger.
414 3860 473 3915 Vol.
493 3860 561 3926 Vp.
580 3856 728 3911 328-334.
1445 3906 1448 3910 ⁴

194 3943 215 4009 ²)
237 3948 377 4001 Plutarchi
397 3947 592 4002 Chaeronensis
614 3946 731 3999 Moralia
750 3946 908 4012 recognovit
922 3945 1069 4012 Gregorius
1089 3945 1120 3999 N.
1135 3944 1330 3998 Bernardakis.
1434 4017 1436 4022 Α

194 4032 195 4036 ’
236 4035 293 4090 Vol.
313 4035 343 4089 Ι.Ι
369 4035 469 4103 Lipsiae
489 4032 565 4086 1888.

195 4115 215 4180 ³)
235 4122 314 4174 Praer.
334 4122 396 4176 edit.
415 4139 442 4190 p.
461 4123 526 4178 VIII.
752 4156 753 4160 =

197 4202 219 4269 ⁴)
241 4207 279 4263 ef.
300 4209 328 4264 c.
347 4209 472 4278 uessery
491 4210 508 4262 1.
527 4209 545 4261 1.
565 4206 696 4260 sar-ae.

195 4291 215 4356 ⁵)
234 4295 308 4350 Idem
327 4297 430 4352 ibidem
449 4314 475 4364 p.
495 4296 554 4349 291.

194 4379 216 4445 ὅ)
238 4384 314 4437 Treu.
351 4385 429 4453 lle.
450 4384 491 4436 11.

194 4465 216 4534 ⁷)
239 4471 277 4526 Cl.
297 4471 381 4525 huius
400 4472 474 4538 prael.
495 4489 521 4539 p.
542 4471 556 4522 i
576 4485 651 4536 seqq.
