3282 5146
783 490 821 552 15

219 681 260 746 In
288 680 492 769 quibusdam
525 680 645 765 (neque
673 682 764 746 enim
792 689 898 756 certos
925 681 1100 747 nominare
1122 702 1269 766 possum,
1301 703 1380 748 cum

219 803 353 868 tacite
378 802 465 867 inter
487 822 522 867 se
544 801 733 888 discrepent
755 801 908 886 editores)
930 823 1032 888 prave
1055 809 1131 888 post
1153 803 1267 886 γόητας
1288 802 1380 867 addi·
1423 797 1428 806 '

220 931 276 989 tur
304 925 516 1006 ἀνθρώπους
558 923 701 989 alterum
732 924 856 990 vitium
890 924 943 988 καὶ
970 926 1169 1007 ταράττουσιν
1202 944 1403 989 commune·

220 1050 270 1111 est
292 1046 446 1111 omnium
468 1044 631 1110 codicum.
678 1045 726 1111 of.
751 1051 864 1110 annot.
888 1065 972 1110 mea.

251 1235 253 1240 ,
306 1167 342 1232 Si
364 1167 420 1232 oui
440 1167 513 1231 haec
535 1141 698 1253 exempla
710 1165 754 1232 ad
776 1187 991 1232 communem
1007 1165 1170 1231 librorum
1186 1172 1378 1231 nostrorum

220 1288 385 1372 originem
407 1287 617 1373 probandam
638 1308 708 1354 non
730 1287 882 1352 sufficere
904 1287 1071 1366 videntur,
1101 1287 1199 1373 plura
1228 1286 1383 1373 suppedi-

220 1408 343 1473 tabunt
364 1416 452 1474 notae
474 1429 558 1474 meae
580 1409 717 1474 criticae„
1460 1387 1463 1392 ¹

305 1529 447 1596 Necesse
466 1536 655 1609 esttamen,
679 1530 899 1615 archetypum
916 1529 1009 1609 illud,
1033 1529 1125 1614 quod
1142 1529 1245 1594 fuisse
1263 1534 1383 1606 statuo,

222 1651 301 1716 satis
334 1651 434 1735 longo
467 1652 642 1719 intervallo
682 1673 703 1716 a
735 1635 872 1717 nostris*
890 1650 1061 1716 codicibus
1093 1657 1262 1716 remotum
1295 1669 1383 1728 esse;

221 1771 317 1836 aliter
338 1794 408 1838 non
426 1780 520 1838 tanto
538 1794 646 1859 opere,
669 1773 816 1841 maxime
834 1773 871 1838 in
887 1771 1084 1851 minoribus,
1107 1773 1195 1838 inter
1212 1753 1384 1836 se‘discre

221 1900 349 1979 parent.
411 1873 567 1958 Ceterum
605 1900 639 1960 et
672 1894 716 1960 ad
748 1873 959 1980 propositum
991 1901 1145 1959 nostrum
1177 1900 1211 1958 et
1243 1892 1407 1957 omnino-

223 2012 266 2078 ad
289 2015 438 2078 criticam
460 2021 567 2080 artem
588 2016 624 2080 in
646 2017 699 2080 his
716 2015 835 2080 libellis
852 2023 940 2080 recte
958 2015 1179 2080 exercendam
1201 2037 1271 2080 non
1287 2015 1385 2101 parvi

222 2134 308 2198 mihi
339 2135 503 2199 momenti
536 2156 606 2200 esse
639 2136 781 2214 videtur,
816 2157 891 2201 eam
924 2143 1071 2214 aetatem,
1111 2145 1279 2221 quantum
1312 2136 1385 2200 fieri

222 2260 340 2340 potest,
369 2255 493 2320 arctius
522 2257 800 2336 circumscribere,
828 2257 865 2321 in
893 2273 971 2341 qua
989 2257 1219 2342 archetypum,
1248 2257 1290 2322 de
1317 2277 1386 2341 quo

222 2376 352 2460 agitur,
377 2376 540 2461 scripturn
567 2397 638 2442 csse
666 2379 911 2458 eiristimemus3
945 2378 1046 2462 quod,
1081 2379 1109 2444 si
1136 2399 1178 2444 ex
1199 2378 1329 2443 lacunis
1352 2384 1387 2442 et

222 2497 343 2562 mutila
364 2498 524 2563 orationis
547 2499 742 2564 condicione
764 2500 1015 2585 proficiscimur,
1037 2500 1131 2565 haud
1154 2499 1288 2564 difficile
1311 2519 1383 2564 esso

223 2618 329 2684 credo.

308 2742 648 2827 Duebneroiudice1)
671 2743 780 2808 clades
797 2742 876 2808 inde
893 2749 966 2808 orta
977 2747 1035 2822 ost,
1059 2742 1150 2827 quod
1163 2735 1386 2826 plurimorum

224 2864 425 2949 scriptorum
446 2866 668 2951 archetypum
700 2865 766 2929 situ
795 2864 943 2929 deletum
969 2863 1024 2930 vel
1050 2862 1222 2929 vermibus
1245 2883 1384 2927 exesum

224 2993 323 3065 esset;
348 2987 536 3072 suspicatur
558 2984 702 3070 etiam2),
724 2985 828 3052 verba
849 2986 1002 3064 aliorum,
1026 2984 1151 3069 quibus
1172 3005 1260 3069 saepe
1277 2983 1385 3048 utitur

223 3104 433 3187 Plutarchus,
472 3109 578 3174 minio
616 3108 719 3172 luisse
752 3108 842 3193 picta
880 3113 914 3172 ot
950 3106 1026 3172 ideo
1064 3105 1163 3170 citius
1196 3105 1382 3172 evanuisse.

226 3225 292 3290 Sed
312 3226 441 3294 lacunae
463 3251 534 3295 non
554 3229 662 3314 magis
684 3229 827 3294 aliorum
849 3227 952 3296 verba
974 3213 1078 3313 quam
1094 3227 1200 3313 ipsius
1217 3225 1386 3311 scriptoris

225 3355 441 3433 occuparunt,
478 3356 519 3428 et,
554 3351 582 3416 si
609 3349 651 3414 de
678 3350 791 3416 codice
817 3349 1074 3416 membranaceo
1102 3349 1168 3412 situ
1197 3346 1304 3412 deleto
1331 3346 1386 3412 vol

224 3470 396 3536 vermibus
419 3491 516 3536 exoso
539 3471 669 3536 locutus
692 3477 750 3548 est,
774 3470 866 3555 quod
887 3492 957 3536 non
979 3469 1106 3548 dubito,
1129 3468 1246 3554 procul
1268 3488 1388 3534 avero

224 3581 361 3659 erravit:
393 3591 591 3657 membrana
613 3591 751 3656 omnino
773 3613 843 3656 non
864 3613 884 3656 a
906 3590 1078 3659 vermibus
1108 3589 1264 3667 eduntur,
1293 3588 1386 3653 haud

223 3713 321 3798 facile
343 3714 410 3778 situ
433 3714 594 3779 delentur.
629 3713 719 3778 Fieri
740 3733 820 3778 sane
837 3719 976 3799 poterat,
1000 3717 1039 3775 ut
1054 3711 1091 3775 in
1109 3709 1221 3794 codice
1237 3711 1386 3776 lectitato

225 3844 258 3902 et
292 3837 380 3902 male
412 3810 529 3901 habito
561 3835 749 3920 primorum
781 3841 815 3900 et
847 3834 1043 3898 ultimorum
1077 3831 1235 3897 loliorum
1267 3832 1385 3898 litterae

144 4042 149 4050 ·
226 3957 454 4024 deterrerentur
469 3956 524 4023 vel
546 3962 797 4035 evanescerent3
820 3976 940 4022 verum
958 3975 997 4019 ea
1015 3954 1214 4018 lacunarum
1232 3958 1265 4018 et
1281 3954 1387 4019 mino-

226 4099 302 4142 rum
334 4079 561 4148 etmalorum
588 4077 779 4156 multitudo,
814 4099 882 4162 qua
909 4075 1064 4141 laborant
1090 4075 1213 4160 scripta
1235 4074 1384 4165 moralia,
1419 4101 1421 4104 ·
1509 4071 1511 4074 ’

226 4200 262 4264 in
295 4199 464 4266 codicibus
497 4192 762 4264 membranaceis
795 4198 925 4263 nullam
957 4197 1059 4262 aliam
1092 4217 1229 4261 oausam
1260 4193 1384 4259 habero

226 4325 325 4332 -..—-.

253 4374 275 4493 Ξ)
297 4379 375 4434 Praef.
394 4339 526 4435 editionis¹
539 4397 566 4448 p.
587 4379 601 4432 1
624 4377 725 4443 (1839).

265 4467 275 4531 )
295 4467 361 4522 lbid.
