3306 5144
686 453 747 517 149

137 650 291 729 σώμασιν,
315 648 374 710 οὐκ
397 647 521 708 ἔλαττον
537 646 655 715 ἐνδείας
671 646 773 708 κακὸν
790 647 895 728 ἔχουσι
911 644 967 726 τὴν
984 645 1154 727 πλήρωσιν.
1197 645 1303 726 ἔχουσι

137 776 189 832 est
212 767 344 832 dativus
367 767 506 850 pluralis
530 766 696 851 participii
719 767 849 830 nomini
871 764 1082 830 antecedenti
1100 764 1175 847 (τοῖς
1191 768 1302 847 σώμα-

137 891 199 971 σιν)
245 889 453 973 appositione
498 887 657 966 adiuncti,
702 886 793 972 quod
835 909 913 951 enni
949 888 1079 970 fugeret
1118 885 1302 964 librarium,

137 1011 361 1093 συντρέφονται
384 1010 420 1073 in
442 1009 689 1091 συντρεφόμεναι
711 1009 864 1074 mutavit.

136 1393 171 1456 ρ.
199 1370 296 1438 16οδ
320 1371 409 1454 (cap.
434 1371 550 1453 XVI).

225 1493 288 1554 ἀλλ’
312 1492 421 1573 ὥσπερ
451 1494 479 1554 εἰ
507 1493 687 1573 διαποροῖεν
716 1492 749 1553 αῖ
771 1489 931 1561 Δαναΐδες,
959 1490 1024 1551 τίνα
1046 1489 1116 1571 βίον
1137 1489 1304 1570 βιώσονται

139 1665 145 1675 .
171 1663 178 1675 .
202 1663 208 1675 .
232 1614 452 1694 ἀπαλλαγεῖσαι
480 1620 534 1694 τῆς
563 1613 634 1693 περὶ
660 1611 714 1675 τὸν
741 1613 838 1674 πίθον
864 1611 1005 1692 λατρείας
1025 1610 1078 1672 καὶ
1099 1610 1303 1692 πληρώσεως,
1364 1585 1366 1588 ¹

138 1736 225 1798 οὕτω
249 1735 463 1816 διαποροῦμεν
485 1735 583 1816 ἡμεῖς,
607 1735 635 1796 εἰ
655 1735 773 1814 γένοιτο
795 1734 857 1795 κτλ.

226 1855 384 1919 Condicio
409 1854 530 1937 (ὥσπερ
552 1856 581 1917 εἰ
601 1854 792 1937 διαποροῖεν)
813 1851 960 1917 absurda
976 1859 1027 1916 est
1043 1858 1076 1916 et
1092 1863 1218 1916 nexum
1235 1873 1305 1918 ver-

138 1977 261 2041 borum
278 1997 413 2060 prorsus
431 1975 552 2040 turbat.
599 1974 821 2040 Scribendum
843 1975 907 2038 ἀλλ’
932 1975 1041 2057 ὥσπερ
1063 1977 1103 2038 ἂν
1126 1975 1305 2056 διαποροῖεν

138 2100 174 2161 αἱ
195 2097 347 2168 Δαναΐδες
370 2147 423 2162 ...
446 2098 668 2178 ἀπαλλαγεῖσαι
689 2104 744 2179 τῆς
764 2098 970 2179 πληρώσεώς,
993 2098 1077 2160 οὕτω
1101 2097 1305 2179 διαποροῖμεν

138 2221 231 2302 ἡμεῖς
264 2221 291 2282 εἰ
322 2222 440 2301 γε’νοιτο
473 2219 535 2281 κτλ.
595 2217 648 2282 Ad
682 2216 823 2284 verbum
858 2218 1062 2300 διαποροῖμεν
1094 2216 1231 2281 auditur
1263 2238 1305 2280 ex

139 2339 369 2425 superioribus
391 2339 555 2424 particula
577 2341 624 2413 ἀν,
648 2341 688 2403 cf.
713 2338 824 2406 Madv.
839 2339 932 2423 Synt.
957 2338 1013 2403 Gr,
1038 2337 1060 2423 ξ
1084 2342 1176 2405 139a
1198 2361 1222 2404 s.
1247 2338 1303 2403 fin.

135 2724 174 2786 ρ.
200 2679 299 2768 ieet
320 2703 408 2784 (πρ.
434 2701 551 2783 xlx).

227 2825 390 2905 μέμνημαι
418 2823 452 2885 δὲ
479 2823 532 2885 καὶ
561 2873 567 2884 .
597 2874 603 2887 .
633 2873 639 2884 .
668 2823 809 2891 ἀκούσας
836 2823 993 2904 σωτηρίαν
1019 2822 1085 2885 τινὰ
1114 2823 1213 2905 κόρης
1241 2821 1304 2885 ὑπὸ

142 2945 289 3026 δελφῖνος
328 2945 363 3007 ἐκ
401 2946 557 3027 θαλάττης
595 2944 739 3025 γενέσθαι
771 2943 941 3025 λεγόμενον
973 2944 1115 3026 ἀκριβῶς
1148 2993 1154 3005 .
1188 2943 1251 3005 ἀλλ’
1287 2944 1305 3006 ὁ

142 3065 301 3135 Πιττακὸς
323 3067 539 3148 ἐπιγιγνώσκει
562 3065 683 3135 δίκαιός
704 3065 764 3127 ἐστι
786 3065 998 3146 περὶτούτων
1021 3065 1161 3128 διελθεῖν.

230 3187 407 3251 Manifeste
447 3186 519 3251 haec
559 3191 715 3270 corrupta
748 3191 835 3249 sunt.
891 3185 992 3249 Recte
1026 3185 1306 3270 Wyttenbachius

142 3309 210 3372 ἐπεὶ
237 3311 409 3390 γιγνώσκει,
435 3329 610 3393 perperam
637 3308 808 3390 λεγομένην
836 3307 978 3390 ἀκριβῶς
999 3305 1213 3371 scribendum
1236 3328 1306 3371 esse

143 3431 283 3495 censuit.
348 3430 462 3494 Liceat
502 3431 538 3493 in
584 3429 781 3493 memoriam
830 3449 985 3494 revocare
1036 3427 1305 3493 emendationem

143 3552 209 3618 viri
242 3551 374 3635 egiegii
416 3572 492 3635 quae
524 3551 609 3614 mihi
645 3570 780 3634 queque
809 3550 846 3613 in
878 3556 1027 3613 mentem
1059 3549 1161 3628 venit,
1202 3570 1306 3633 quam

143 3694 262 3737 omnes
284 3672 425 3737 editores
443 3669 635 3758 iapudiasse
654 3670 751 3738 valde
769 3671 879 3736 miror.
924 3670 1002 3755 Ipsa
1018 3670 1109 3736 enim
1125 3669 1306 3737 verborum

143 3795 311 3859 sententia
344 3794 447 3867 docet,
492 3793 669 3858 Halmium
702 3813 821 3860 verum
853 3792 986 3871 vidisse,
1024 3813 1102 3856 cum
1136 3798 1305 3871 statueret,

144 3914 297 3981 ordinem
320 3915 500 3983 verborum
521 3914 695 3980 turbatum
717 3935 798 3992 esse,
826 3921 859 3980 et
880 3915 1099 3980 Plutarchum
1121 3914 1305 3999 scripsisse:

137 4039 180 4100 ιέκ
193 4037 347 4120 θαλάττης
359 4038 503 4119 γενέσθαι
516 4087 521 4099 .
535 4038 598 4099 ἀλλ’
618 4037 637 4098 ὁ
650 4035 815 4110 Πίττακος,
831 4030 898 4100 ε’πεὶ
917 4039 1080 4118 γιγνώσκει
1091 4035 1126 4100 τὸ
1137 4036 1306 4119 λεγόμενον

146 4160 297 4245 ἀκριβῶς,
320 4158 440 4230 δίκαιός
462 4160 523 4222 ε’στι
544 4157 649 4242 mm).

184 4429 205 4497 ¹)
225 4432 282 4487 vid.
301 4433 456 4488 Zeitschrist
474 4433 491 4486 f.
512 4433 538 4487 d.
558 4433 762 4488 Alterthumsw.
784 4432 851 4487 1842
871 4451 897 4504 p.
918 4433 994 4488 1039.
