3282 5146
841 436 882 500 32

284 627 445 692 orationis
474 649 576 713 prave
606 628 828 713 interpuncta
858 627 1049 692 coniunctio
1078 629 1133 690 καί
1160 648 1221 692 suo
1249 626 1322 693 loco
1349 635 1460 708 mota,

287 769 392 833 quam
429 750 458 814 si
493 755 571 814 ante
605 748 678 820 τοὺς
706 752 766 832 μέν
800 748 961 815 deleveris
999 754 1033 813 et
1064 754 1140 833 post
1172 750 1322 832 ἐγκρίνειν
1354 749 1464 814 inter-

288 871 448 954 posuerie
473 871 587 936 omnia
610 891 692 935 sana
714 876 821 935 erunt.
868 869 1090 935 Scribendum
1111 870 1228 954 igitur:
1255 904 1303 935 2..
1321 872 1463 954 ἐραστὰς

286 992 446 1074 ἐγκρίνειν.
491 993 544 1055 καὶ
566 992 645 1056 κατὰ
667 991 702 1055 τὸ
725 991 857 1056 σύνολον
878 991 951 1061 τοὺς
972 993 1031 1073 μὲν
1057 991 1180 1075 Θήβησι
1201 993 1263 1056 κτλ.

527 1670 610 1740 Πῶς
632 1671 681 1733 δεῖ
698 1669 753 1732 τὸν
774 1669 846 1732 νέον
868 1671 1054 1751 ποιημάτων
1076 1669 1210 1733 ἀκούειν.

281 1909 531 1999 r-'14flcar-
555 1909 599 1993 Il·
690 1904 693 1912 ’
896 1999 898 2002 ,

362 2015 421 2095 διὸ
452 2032 500 2095 δεῖ
524 2031 569 2114 μὴ
599 2031 700 2113 μάνον
729 2031 762 2093 ἐν
790 2037 855 2100 ταῖς
883 2031 953 2112 περὶ
981 2030 1107 2112 ἐδωδὴν
1134 2030 1188 2093 καὶ
1208 2032 1300 2094 πόσιν
1322 2004 1456 2114 ἡδοναῖς

287 2155 502 2236 διαφυλάττειν
516 2155 715 2236 εὐσχήμονας
731 2151 853 2225 αὐτοὺς,
877 2153 918 2215 ἔτι
938 2151 972 2215 δὲ
989 2152 1110 2233 μᾶλλον
1129 2151 1162 2214 ἐν
1180 2158 1246 2224 ταῖς
1264 2153 1456 2236 ἀκροάσεσιν

286 2253 339 2339 καί
371 2275 583 2357 ἀναγνώσεσιν
616 2275 737 2348 ἐθίζειν,
772 2275 879 2356 ὥσπερ
919 2275 996 2355 ὄψῳ
1028 2274 1217 2356 χρωμένους
1249 2276 1384 2357 μετρίως
1405 2283 1454 2364 τῷ
1484 2351 1487 2354 ,

284 2399 433 2479 τέρποντι,
455 2397 491 2459 τά
513 2397 668 2478 χρήσιμον
690 2396 742 2457 ἀπ’
767 2391 863 2458 ἄδτοῦ
886 2394 995 2457 καὶτὸ
1018 2397 1173 2477 σωτήρων
1196 2396 1328 2459 διώκειν.

371 2518 506 2583 Primus
546 2495 770 2583 Bernardakis
780 2515 804 2599 1)
844 2514 938 2594 vidit,
983 2515 1139 2612 ultimam
1178 2522 1309 2603 partem
1347 2518 1465 2602 huius·

288 2638 456 2703 enuntiati
485 2637 673 2722 corruptela
700 2637 818 2722 aliqua
835 2634 995 2728 laborare,
1025 2657 1130 2720 quam
1151 2643 1239 2702 recte
1257 2639 1314 2705 ¹vir
1335 2638 1456 2705 doctus

287 2761 325 2824 in
348 2761 399 2822 ἀπ’
425 2761 521 2823 ἀστοῦ
543 2760 645 2824 latere
668 2759 793 2836 statuit,
817 2779 927 2842 neque
950 2758 1050 2836 enim,
1073 2765 1112 2823 ut
1128 2758 1225 2824 nobis
1244 2759 1387 2825 traditus
1405 2769 1457 2826 est

288 2881 391 2959 locust,
420 2881 752 2953 constat‘sententiae
774 2881 868 2958 ratio,
899 2901 978 2944 cum
991 2880 1112 2965 ,inepte
1134 2880 1230 2945 utilia
1253 2886 1286 2945 et
1308 2881 1457 2948 salubria

288 3023 309 3068 a
322 3001 539 3067 delectatione
551 3001 697 3087 petenda
708 3022 779 3066 esse
791 3001 954 3066 dicantur.
978 3001 1087 3067 lmmo
1099 3008 1247 3086 apparet,
1261 3007 1455 3088 utrumque,

288 3128 322 3188 et
345 3122 599 3190 delectationem
621 3130 655 3188 et
670 3122 859 3200 utilitatem,
882 3123 1062 3188 Plutarcho
1079 3123 1199 3201 iudice,
1221 3124 1371 3188 fructum
1383 3146 1455 3190 esse

289 3244 472 3310 auditionis
513 3251 546 3308 et
583 3243 744 3322 lectionis,
792 3263 947 3329 quarum,
980 3244 1038 3309 illa
1081 3243 1276 3330 (delectatio)
1320 3247 1455 3331 parcius

290 3365 426 3445 utenda,
455 3366 527 3430 haec
555 3364 788 3450 persequenda
815 3366 865 3430 sit.
911 3355 994 3430 Haec
1023 3366 1125 3432 etiam
1152 3387 1253 3432 eausa
1281 3374 1360 3446 erat,
1394 3389 1456 3433 cur

289 3488 514 3554 Bernardakis
537 3489 589 3551 ἀπ’
615 3488 711 3551 αὐτοῦ
731 3487 767 3551 in
785 3487 836 3550 ἀπ’
856 3489 962 3578 αὐτῶν
986 3487 1189 3553 mutandum
1207 3509 1277 3553 esse
1295 3497 1453 3569 censeret,

288 3631 410 3694 parum
432 3617 518 3696 apte,
542 3616 580 3674 ut
601 3609 686 3674 mihi
703 3608 851 3687 videtur;
875 3609 959 3692 quin
980 3608 1073 3674 haud
1095 3609 1163 3674 scio
1185 3631 1230 3674 an
1246 3610 1315 3676 -hoc
1339 3610 1454 3676 Graece

289 3751 332 3794 ne
356 3730 421 3794 dici
443 3731 581 3815 quidem
602 3731 757 3817 potuerit,
780 3730 835 3797 vel
856 3729 941 3809 ideo,
972 3730 1063 3816 quod
1085 3752 1189 3816 pravo
1211 3731 1283 3796 loco
1305 3732 1453 3817 positum

319 3980 340 4048 ¹)
363 3983 487 4052 Symbol.
511 3999 537 4051 p.
561 3982 602 4036 39.
648 3985 760 4040 Videtur
778 3988 874 4040 tamen
901 3985 1043 4056 Xylander
1065 3986 1095 4040 in
1112 3985 1337 4054 interpretatione
1354 3986 1455 4042 Latina

362 4072 549 4126 coniecturam
568 4072 756 4128 Bernardakis
775 4073 896 4141 quodam
914 4073 998 4128 modo
1018 4086 1184 4141 occupasse;
1209 4074 1289 4126 vertit
1307 4074 1380 4128 enirn
1400 4074 1452 4129 sio:

363 4161 428 4215 »sed
456 4159 547 4226 magis
574 4160 657 4214 etiarn
687 4161 723 4214 ad
749 4161 803 4215 hoc
831 4165 895 4215 sunt
918 4161 1123 4216 adsuefaciendi
1146 4165 1176 4215 ut
1199 4161 1228 4214 in
1247 4161 1411 4216 lectionibus
1428 4169 1454 4218 et

363 4249 551 4304 auditionibus
575 4248 755 4303 delectatione
778 4255 913 4317 tanquam
932 4249 1050 4304 obsonio
1067 4265 1151 4318 parce
1169 4248 1303 4313 fruantur,
1322 4250 1454 4317 utiliaque

360 4339 386 4390 et
405 4336 530 4391 salubria
549 4351 586 4390 ec
605 4339 640 4390 iis
658 4340 794 4405 captent«.
