3282 5146
877 461 920 526 20

394 653 519 730 Restat
542 655 591 730 ut‚'
613 653 642 716 si
663 651 747 736 quid
768 673 829 737 pro
850 673 926 718 meo
947 651 1095 728 vendidi,
1124 650 1216 736 quod
1238 652 1307 716 iam
1333 650 1377 716 ab
1399 651 1475 716 aliis

309 781 514 860 occupatum
533 773 586 850 sit,
609 772 775 858 deprecer.
820 773 947 838 Vereor
968 775 1069 851 enim,
1103 794 1146 837 ne
1175 773 1267 837 hunc
1295 773 1472 858 scopulum

308 917 378 962 non
400 915 537 981 prorsus
555 895 761 972 evitaverim,
785 915 864 960 cum
885 915 987 979 opera
1008 893 1165 979 quadem
1186 901 1221 958 et
1242 893 1473 979 ephemerides

308 1017 448 1082 omnino
475 1037 545 1082 non
578 1036 776 1100 cognoscere
811 1017 897 1081 mihi
923 1016 1063 1092 licuerit,
1096 1015 1275 1102 quoniam¹
1291 1037 1402 1100 neque
1434 1016 1470 1080 in

308 1137 518 1204 bibliothecis
540 1138 664 1202 nostris
683 1143 818 1204 exstent
844 1158 955 1222 neque
984 1157 1044 1222 per
1065 1135 1263 1222 bibliopolas
1284 1138 1471 1222 comparari

308 1265 506 1345 potuerunt;
536 1259 603 1324 alia
623 1259 762 1325 fortasse
784 1258 975 1324 fefellerunt
995 1279 1059 1323 me.
1111 1258 1231 1324 Sciunt
1251 1279 1377 1335 omnes,
1410 1258 1471 1341 qui
1510 1269 1540 1280 ·“

307 1381 345 1446 iu
363 1380 465 1446 simili
481 1401 581 1466 opere
592 1381 715 1446 versati
733 1387 822 1457 sunt,
845 1401 949 1465 quam
966 1379 1063 1445 facile
1074 1379 1138 1444 hoc
1149 1378 1203 1444 vel
1214 1377 1470 1463 diligentissimo
1489 1351 1500 1366 ⁰

310 1502 348 1567 in
370 1487 969 1588 programmatumsdisputationum,
992 1479 1247 1586 ephemeridum
1274 1500 1381 1564 nimia
1401 1500 1470 1566 lere

309 1623 407 1708 copia
427 1622 577 1689 accidere
605 1623 717 1708 possit.
763 1623 932 1707 Deprecor
957 1622 1069 1707 igitur,
1099 1620 1263 1706 quicquid
1285 1621 1471 1719 eiusmodi

310 1743 507 1829 imprudens
540 1745 576 1810 in
604 1765 660 1809 me
687 1743 823 1822 admisi;
852 1765 923 1829 ego,
957 1743 986 1808 si
1018 1744 1095 1828 quis
1127 1744 1164 1808 in
1196 1764 1272 1808 mea
1304 1743 1469 1821 inciderit,

308 1864 449 1930 minime
471 1863 609 1930 moleste
630 1865 751 1931 leram:
1279 1865 1281 1871 '

394 1985 494 2052 Hanc
516 1986 652 2052 veniam
673 1985 888 2071 petimusque
910 1985 1098 2070 damusque
1120 1984 1276 2050 vicissim.

599 2507 706 2572 lndex
728 2508 928 2592 scriptorum
950 2483 1137 2571 moralium.
1148 2507 1171 2590 ¹)
1260 2536 1263 2541 ·

837 2697 938 2704 *-

303 2837 306 2846 =
327 2813 351 2872 1,
371 2817 405 2872 de
423 2818 523 2871 virtute
542 2819 567 2871 et
586 2816 659 2870 vitio.
917 2814 966 2870 18.Ι
979 2815 1013 2869 de
1030 2815 1149 2870 fortuna.

327 2905 351 2958 2.
372 2905 406 2960 de
424 2904 588 2960 educatione
605 2919 763 2972 puerorum.
917 2902 958 2958 19.
978 2904 1101 2959 animine
1117 2920 1154 2958 an
1171 2904 1295 2971 corporis
1306 2905 1467 2958 affectiones

327 2992 352 3046 3.
372 2993 406 3048 de
424 2992 592 3062 profectibus
609 2991 639 3045 in
657 2977 763 3046 virtute.
1022 2992 1076 3047 sint
1094 2992 1212 3060 peiores.

326 3080 352 3132 4.
372 3080 406 3136 de
425 3096 488 3135 sera
506 3080 631 3134 numinis
651 3079 780 3134 vindicta.
916 3078 958 3132 20.
979 3095 1053 3148 aqua
1072 3097 1110 3134 an
1127 3079 1199 3147 ignis
1218 3080 1317 3135 utilior.

328 3168 353 3220 5.
374 3168 407 3222 de
424 3168 599 3222 inimicorum
619 3166 742 3242 utilitate.
916 3165 1232 3236 attemperatum.

326 3255 351 3308 6.
372 3255 407 3310 de
426 3253 572 3310 audiendis
591 3254 688 3322 Poetis.
916 3253 959 3306 22.
978 3254 1132 3309 consolatio
1151 3253 1187 3309 ad
1205 3256 1390 3323 Apollonium.
1479 3251 1482 3258 ’

327 3343 351 3396 7.
372 3343 406 3398 de
424 3343 569 3398 adulatore
587 3345 613 3396 et
632 3342 732 3396 amico.
916 3340 960 3396 23.
979 3342 1132 3397 consolatio
1152 3342 1188 3396 ad
1206 3360 1331 3399 uxorem.

325 3431 350 3485 8.
371 3432 404 3486 de
423 3431 523 3498 seips.
543 3431 612 3484 citra
633 3429 689 3483 inv.
708 3431 860 3486 laudando.
916 3429 958 3482 24.
978 3430 1012 3484 de
1030 3429 1120 3485 exilio.

325 3518 350 3573 9.
370 3519 404 3575 de
422 3516 580 3575 cohibenda
597 3517 648 3572 ira.
917 3517 968 3570 26..
979 3515 1079 3573 Galba.

275 3653 276 3658 ,
309 3607 349 3660 10.
370 3608 403 3662 de
418 3607 587 3662 curiositate.
915 3604 957 3658 26.
977 3605 1056 3661 Otho.

310 3695 352 3747 11.
372 3695 405 3749 de
424 3695 622 3761 tranquillitate
640 3693 736 3748 animi.
915 3691 957 3746 27.
978 3694 1011 3748 de
1030 3695 1118 3762 gloria
1135 3697 1353 3751 Atheniensium.

310 3782 360 3835 12.’
372 3782 406 3837 de
425 3783 525 3836 vitioso
543 3782 657 3849 pudore.
915 3779 957 3834 28.
978 3797 1041 3836 cum
1060 3783 1146 3850 princ.
1165 3779 1325 3853 philosoph.
1345 3802 1413 3840 esse.

194 3881 199 3893 ’
310 3869 351 3923 13,
371 3870 405 3925 de
423 3870 544 3923 fraterno
563 3885 666 3923 amore.
916 3868 959 3922 29.
979 3870 1013 3924 de
1031 3870 1151 3924 sanitate
1169 3875 1314 3940 praecepta.

309 3957 351 4012 14.
371 3958 405 4013 de
424 3956 590 4025 garrulitate.
916 3955 958 4011 30.
979 3973 1016 4011 an
1035 3957 1095 4011 seni
1114 3959 1148 4012 sit
1168 3959 1351 4026 gerendares
1369 3961 1444 4028 publ.

309 4045 350 4099 15.
370 4046 405 4100 de
422 4042 570 4100 audiendo.
783 4076 786 4083 -
916 4043 959 4097 31.
979 4045 1024 4100 Vll
1043 4045 1211 4112 sapientium
1230 4048 1397 4103 convivium.

308 4133 349 4188 16.
370 4133 403 4188 de
422 4132 575 4187 amicorum
595 4131 775 4185 multitudine·
916 4130 958 4185 32.
979 4132 1013 4186 de
1031 4132 1102 4187 Iside
1120 4138 1146 4187 et
1166 4133 1280 4189 Osiride.

308 4221 349 4275 17.
370 4222 403 4276 de
422 4219 569 4288 cupiditate
588 4218 754 4272 divitiarum.
916 4218 958 4272 33.
979 4220 1013 4274 de
1031 4220 1178 4276 mulierum
1197 4222 1350 4278 virtutibus.

1368 4351 1467 4358 —--—-

337 4433 358 4501 1)
379 4436 418 4493 ct.
439 4437 472 4492 de
490 4435 586 4490 ordine
604 4436 737 4490 librorum
757 4435 841 4490 huius
859 4437 935 4504 prael.
954 4452 980 4504 p.
1001 4435 1024 4490 5.
