3306 5144
751 487 810 550 133

198 680 298 748 ἔὺοςΐ)
322 678 423 756 Nihil,
448 686 485 743 ut
507 679 641 763 opinor;
666 700 745 742 nam
758 678 1008 762 Wyttenbaohii
1020 677 1196 762 explicatio
1212 677 1362 761 ,quaesita

198 801 404 866 consuetudo
427 802 447 865 i.
468 822 494 864 e.
518 798 697 878 adsoitieia,
721 801 909 872 ἐπείσακτος,
933 821 1001 864 non
1024 798 1206 876 naturalis’,
1230 797 1362 862 etiarnsi

200 944 268 986 non
301 921 344 986 ab
378 945 442 987 usu
476 922 637 986 sermonis
672 921 780 985 Graeoi
812 921 1014 998 abhorreret,
1053 920 1126 985 haee
1163 918 1361 1003 significatio

199 1043 366 1129 participii
406 1046 597 1127 ζητούμενος
634 1049 732 1108 rectae
770 1043 891 1107 rationi
929 1049 1148 1127 repugnaret,
1188 1062 1266 1105 oum
1304 1040 1362 1105 vix

200 1165 288 1229 ullus
339 1186 435 1229 oasus
484 1164 774 1246 consuetudinem,
824 1185 900 1248 quae
947 1170 1063 1228 eontra
1107 1169 1265 1228 naturam
1309 1160 1361 1240 sit,

199 1287 361 1370 requirat;
386 1285 514 1350 aceedit
535 1284 626 1370 quod
648 1285 701 1351 vel
724 1286 770 1350 sio
794 1286 865 1350 haee
888 1285 991 1351 verba
1012 1287 1045 1348 ἐν
1061 1285 1361 1367 καιρῷ-ἀπαιτοῦντι

199 1407 343 1472 absurde
366 1406 593 1491 superioribus
615 1407 856 1491 adiunguntur,
881 1413 920 1471 ut
936 1428 978 1470 ex
994 1406 1099 1491 ipsius
1111 1404 1363 1490 Wyttenbaohii

199 1530 472 1613 interpretatione
489 1529 611 1592 Latina
629 1534 768 1614 apparet
778 1528 809 1611 1).
834 1566 875 1574 —
897 1528 950 1591 Ex
966 1549 1004 1592 ea
1022 1528 1233 1604 correctione,
1257 1547 1361 1610 quam

200 1651 374 1734 Pflugkius
413 1649 639 1714 adhibendam
680 1671 749 1715 esse
783 1649 943 1732 oenset²):
984 1651 1147 1731 ὑφαίρεσιν
1185 1649 1218 1711 ἐν
1257 1655 1362 1729 καιρῷ

200 1774 394 1854 ζητουμένην
444 1772 520 1840 ἕδος
563 1773 749 1848 ἀπαιτοῦντι,
799 1770 956 1854 equidem
1001 1791 1118 1834 sanam
1161 1769 1362 1834 sententiam

200 1892 374 1956 enucleare
406 1914 546 1976 nequeo.
611 1892 728 1977 Operae
761 1893 908 1977 pretium
941 1897 999 1969 est,
1033 1898 1216 1974 antequam
1249 1911 1362 1953 meam

199 2013 393 2098 opinionem
438 2013 478 2077 de
521 2013 585 2078 hoo
628 2014 710 2079 vitio
759 2013 937 2078 manifesto
981 2012 1176 2097 corrigendo
1220 2032 1361 2097 expono,

200 2135 374 2219 sequentia
402 2134 594 2218 diligentius
623 2134 840 2199 considerare.
892 2132 1070 2198 Librorum
1098 2134 1263 2218 scriptura
1289 2133 1362 2196 haeo

200 2263 263 2320 est:
286 2257 406 2338 βέλτιον
428 2257 488 2338 γὰρ
511 2257 687 2338 ε’λευὺέροις
708 2263 771 2326 τοῖς
792 2257 941 2325 τοιούτοις
966 2256 1104 2338 χρῆσθαι
1126 2255 1298 2336 κολασμοῖς
1320 2256 1363 2324 είς

199 2378 234 2440 τδ
275 2384 378 2459 σῶμα,
414 2378 571 2460 μηδεμιᾶς
610 2379 644 2441 δὲ
675 2378 920 2459 προαισθήσεως
957 2379 1055 2460 οὔσης
1096 2377 1171 2459 μηδ’
1212 2377 1361 2456 ὑποψίας,

199 2499 253 2561 καὶ
291 2499 346 2581 τὴν
379 2499 475 2581 ἄλλην
508 2500 625 2563 δίαιταν
659 2549 666 2562 .
700 2550 705 2562 .
741 2549 747 2561 .
780 2506 845 2570 ταῖς
876 2499 1063 2582 μεταβολαῖς
1094 2499 1239 2580 ὑπήκοον
1271 2498 1360 2579 ἔχειν.

201 2620 334 2684 Horum
356 2620 536 2686 verborum
558 2619 681 2684 menda
703 2620 788 2684 mihi
809 2627 879 2684 tam
901 2620 1079 2684 manifesta
1101 2640 1171 2684 esse
1193 2617 1361 2694 videntur,

201 2747 238 2804 ut
265 2742 324 2807 vix
350 2741 525 2806 indoctum
552 2743 668 2825 fugere
691 2743 828 2827 possint.
883 2742 1036 2805 Primum
1059 2747 1247 2818 structurae;
1281 2759 1362 2803 nam

201 2863 270 2928 sive
299 2883 379 2927 vera
406 2871 456 2926 est
482 2862 605 2927 tradita
633 2863 805 2948 scriptura,
841 2862 1048 2953 desideratur
1076 2862 1264 2926 infinitivus
1286 2868 1362 2945 post

197 2984 355 3066 μηδεμιᾶς
372 2985 406 3047 δὲ
487 2986 636 3066 ὑποψίας,
659 2985 718 3069 qui
736 2983 935 3049 antecedens
952 2984 1166 3048 enuntiatum
1184 2983 1362 3064 ἐλευθέροις

201 3155 207 3166 ,
231 3155 237 3166 .
261 3154 267 3168 .
289 3107 430 3187 ὑποψίας
452 3104 623 3171 absolvere
650 3107 763 3191 possit,
798 3126 876 3169 oum
905 3104 1051 3169 ambitus
1081 3103 1135 3168 ille
1163 3103 1358 3171 verborum:

199 3227 252 3289 καί
278 3227 334 3308 τὴν
357 3276 364 3289 .
388 3276 394 3288 .
418 3276 424 3289 .
452 3229 532 3309 ἔχειν
564 3226 657 3291 nullo
690 3227 791 3292 modo
822 3227 911 3290 hano
940 3227 1049 3292 vicem
1079 3226 1210 3310 explere
1240 3225 1359 3310 possit;

200 3347 269 3412 sive
297 3347 461 3432 particula
489 3349 524 3410 δέ
553 3355 628 3433 post
654 3350 812 3432 μηδεμιᾶς
838 3369 908 3412 non
935 3355 1022 3412 reete
1051 3368 1085 3412 se
1114 3346 1216 3411 habet
1245 3352 1278 3410 et
1307 3345 1361 3411 vel

200 3489 277 3532 oum
294 3468 553 3552 Wyttenbaehio
577 3470 612 3533 in
632 3494 666 3551 γε
681 3469 845 3535 mutanda
862 3469 915 3535 vei
935 3490 1012 3533 oum
1030 3469 1201 3533 Herehero
1218 3466 1361 3531 delenda

199 3596 257 3667 est,
281 3596 320 3653 ut
336 3591 512 3674 genetivus
529 3590 702 3655 absolutus
718 3592 875 3674 μηδεμιᾶς
895 3643 901 3654 .
921 3640 927 3653 .
946 3640 953 3653 .
970 3592 1110 3671 ὑποψίας
1128 3589 1171 3654 ad
1191 3589 1362 3673 superiora

199 3712 370 3790 referatur,
394 3711 526 3776 difficile
550 3720 600 3776 est
614 3712 755 3790 eredere,
779 3711 997 3776 Plutarchum
1020 3710 1152 3788 dixisse,
1175 3710 1247 3774 eius
1269 3708 1362 3775 modi

200 3833 346 3917 corporis
379 3833 653 3916 castigationibus
687 3835 737 3898 uti
764 3840 924 3917 oportere,
960 3831 1019 3896 ubi
1046 3830 1139 3896 nuHa
1173 3831 1254 3895 mali
1281 3852 1362 3916 prae-

199 3955 308 4018 sensio
339 3955 525 4039 suspioiove
556 3963 649 4020 esset.
705 3955 788 4019 Haeo
811 3956 883 4021 sine
905 3953 1008 4018 dubio
1030 3954 1103 4037 ipsa
1125 3952 1182 4018 ilia
1204 3973 1361 4037 perversa

199 4074 284 4139 ratio
306 4083 400 4153 esset,
430 4097 533 4160 quam
563 4097 664 4161 supra
687 4073 806 4141 diserte
836 4075 891 4141 hio
920 4075 1029 4140 verbis
1052 4074 1270 4159 vituperavit:
1300 4074 1360 4135 οὑκ

198 4261 292 4269 ---

237 4371 258 4441 ¹)
278 4376 315 4432 Cf.
337 4380 429 4431 annot·
450 4377 508 4430 eius
527 4377 628 4431 critica.

238 4459 259 4529 ²)
276 4464 335 4520 Vid.
354 4464 510 4520 Zeitschrift
528 4464 545 4516 f.
565 4465 589 4518 d.
608 4464 942 4519 Alterthumswissensch.
963 4462 1032 4516 1848
1050 4480 1076 4531 p.
1095 4462 1155 4515 890.
