3282 5146
834 462 873 524 12

272 655 456 742 admodum
473 653 661 731 foedantur,
677 652 715 716 hi
728 652 901 717 Plutarchi
916 650 1020 716 libelli
1036 657 1156 738 prater
1168 658 1293 718 ceteras
1305 611 1438 740 corrup-

157 859 159 864 ·
271 777 353 842 telas
370 775 532 862 plurimas
551 773 680 842 lacunis
697 772 881 838 maioribus
894 772 1149 858 minoribusque
1168 779 1305 852 scatent,
1325 795 1436 859 neque

272 906 387 964 tamen
414 896 538 982 pariter
567 915 712 960 omnes
737 893 967 959 Librariorum
988 895 1207 979 neglegentia
1228 896 1331 960 huius
1354 895 1437 960 cala-

272 1019 399 1084 mitatis
416 1017 523 1082 maior
540 1037 617 1102 pars
634 1015 839 1080 nullomodo
851 1015 933 1082 vitio
946 1015 1147 1101 daripotest,
1160 1038 1241 1082 nam
1253 1016 1437 1101 inquibus-

275 1141 353 1206 dam
392 1122 562 1204 codicibus
595 1137 689 1204 velut
720 1137 757 1201 in
789 1137 827 1214 B,
865 1136 938 1220 ΕΙ),
979 1136 1233 1204 Vindobonensi
1265 1160 1298 1202 n.
1332 1141 1392 1204 148
1402 1137 1435 1221 ²),

209 1241 211 1246 ’
274 1262 445 1327 Marciano
467 1258 562 1342 250³)
590 1235 737 1324 vacuum
760 1255 907 1343 spatium
928 1257 1009 1323 locis
1031 1259 1160 1323 mancis
1179 1259 1383 1343 relinquitur
1404 1265 1438 1324 et

274 1389 354 1447 nota
375 1380 569 1466 marginalis
591 1380 628 1445 in
646 1379 758 1444 codice
771 1379 833 1462 A4)
844 1385 1005 1457 ¹testatur,
1028 1379 1119 1444 idem
1135 1381 1204 1445 iam
1220 1380 1349 1445 iactum
1366 1401 1437 1445 esse

274 1505 311 1568 in
340 1501 510 1568 codicibus
539 1500 794 1579 vetustioribus;
828 1500 919 1565 unde
948 1500 1164 1585 probabiliter
1194 1500 1436 1580 concludimus,
1467 1494 1469 1498 ’

274 1625 438 1710 originem
459 1623 659 1688 lacunarum
680 1621 724 1687 ad
746 1607 880 1706 tempus
902 1622 982 1686 satis
1004 1623 1185 1706 antiquum
1207 1644 1278 1688 esse
1297 1623 1438 1687 releren-

275 1746 362 1810 dam.
408 1745 636 1809 Communem
658 1743 746 1807 hanc
775 1743 878 1808 luisse
908 1742 1065 1808 omnibus
1096 1745 1227 1829 scriptis
1255 1743 1437 1808 moralibus

274 1868 343 1931 iam
365 1887 425 1952 per
447 1886 481 1930 se
504 1870 767 1930 consentaneum
789 1870 848 1941 est,
872 1837 957 1928 etin
973 1863 1093 1930 libellis
1110 1869 1282 1932 1170-76
1299 1866 1438 1950 signatis

275 1986 461 2071 Treuius⁵)‚
484 1987 521 2051 in
542 1985 653 2050 libello
675 2007 708 2049 n.
734 1987 773 2051 78
797 1985 927 2070 signato
939 1984 1137 2051 Doehnerus
1147 1985 1180 2069 θ),
1203 1987 1239 2050 in
1254 1991 1340 2053 1177
1363 1987 1439 2052 Ber-

275 2109 410 2174 tholdus
440 2108 620 2173 Muellerus
631 2107 654 2192 7)
681 2128 753 2172 rem
786 2107 983 2173 certissimis
1007 2107 1194 2193 probarunt
1220 2107 1436 2192 argumentis.

275 2231 387 2295 Etiam
408 2229 546 2308 libellos,
569 2251 656 2314 quos
677 2251 738 2313 ego
760 2229 797 2293 in
817 2229 881 2294 hac
904 2229 1130 2315 disputatione
1147 2230 1288 2295 tractavi
1305 2228 1440 2313 (scilicet

275 2374 344 2417 non
366 2352 512 2436 reliquos
535 2357 690 2437 exceptos
712 2351 798 2428 volo,
823 2349 881 2415 sed
903 2371 1020 2414 eorum
1037 2350 1268 2415 condicionem
1285 2349 1439 2416 nondum

276 2473 463 2553 accuratius
483 2470 674 2557 exploravi),
698 2491 740 2536 ex
762 2492 830 2535 uno
853 2470 1037 2555 eodemque
1059 2471 1152 2536 tonte
1174 2472 1243 2536 iam
1265 2471 1384 2536 mutilo
1406 2478 1439 2536 et

250 2592 437 2658 xmendoso
477 2592 641 2676 originem
681 2592 830 2670 traxisse,
875 2613 917 2657 ex
956 2592 1193 2657 communibus
1233 2593 1444 2678 corruptelis,¹

276 2714 423 2778 maxime
445 2714 591 2800 pessima
612 2734 746 2798 quaque
765 2721 798 2778 et
814 2713 1091 2799 desperatissima,
1110 2714 1207 2778 lacile
1225 2714 1439 2798 intellegitur,

276 2855 485 2920 quamquam
506 2857 576 2900 non
599 2856 729 2920 semper
751 2834 794 2900 ad
817 2835 962 2900 litteram
984 2835 1021 2898 in
1043 2834 1200 2900 omnibus
1226 2835 1441 2900 consentiunt

277 2955 354 3021 libri
368 2957 488 3036 nostri;
512 2977 622 3041 neque
644 2957 707 3052 hoc
725 2977 858 3021 necesse
876 2963 934 3034 est,
958 2977 1039 3020 nam
1056 2956 1092 3020 in
1110 2956 1181 3020 cius
1198 2956 1291 3021 modi
1308 2977 1440 3041 corrup·
1523 3001 1525 3004 -

278 3077 361 3154 telis,
385 3077 413 3141 si
432 3076 473 3142 de
489 3078 571 3144 vitio
589 3084 728 3156 constat,
748 3078 889 3142 minutae
901 3076 1132 3161 discrepantiae
1151 3079 1248 3163 parvi
1265 3077 1437 3143 faciendae.

278 3197 328 3262 Ne
351 3197 482 3282 longior
509 3198 582 3276 sim,
617 3219 689 3264 rem
718 3199 858 3283 singulis
888 3198 1051 3283 exemplis
1081 3220 1123 3263 ex
1151 3199 1291 3284 singulis
1319 3197 1440 3263 libellis

278 3319 421 3404 sumptis
443 3318 625 3385 illustrabo

361 3439 443 3522 Περὶ
460 3442 585 3504 παίδων
602 3442 731 3523 ἀγωγῆς
753 3461 779 3505 c.
798 3440 831 3505 X
848 3462 881 3525 p.
899 3439 967 3506 8b:
991 3441 1068 3504 ἀλλὰ
1080 3441 1133 3504 καὶ
1145 3441 1265 3504 τούτων
1278 3441 1354 3524 (τῶν
1365 3463 1440 3522 συγ-

278 3560 486 3645 γραμμάτων)
515 3563 671 3626 ποιεῖσδαι
699 3563 852 3645 συλλογὴν
881 3562 960 3625 κατὰ
989 3562 1024 3625 τὸ
1055 3564 1249 3644 γεωργῶδες.
1293 3562 1347 3626 τὸν
1379 3561 1440 3644 γὰρ

278 3683 372 3745 αὐτὸν
400 3684 518 3766 τρόπον
547 3685 684 3766 ὄργανον
713 3690 767 3766 τῆς
795 3683 936 3753 παιδείας
964 3685 984 3765 ἡ
1012 3690 1122 3766 χρῆσις
1142 3689 1206 3746 τῶν
1228 3684 1358 3765 βιβλίων
1375 3683 1441 3746 ,ε’στί

306 3912 327 3975 ¹)
346 3915 483 3970 Duebneri
501 3918 577 3984 praef.
597 3934 623 3985 p.
643 3918 661 3971 Ι.
699 3919 768 3986 Treu
788 3915 811 3971 II
829 3933 856 3984 p.
875 3915 987 3969 9-11.=

305 3998 326 4059 ²)
344 4002 469 4072 Wessely
488 4005 542 4056 1.l.
561 4021 588 4072 p.
608 4003 668 4057 293.

305 4086 326 4154 ³)
348 4090 536 4145 Bernardakis
553 4092 571 4145 l.
589 4093 606 4146 l.
626 4109 652 4160 p.
672 4092 726 4148 XV.

304 4174 326 4241 ⁴)
348 4179 417 4233 Treu
435 4179 446 4232 I
465 4194 491 4247 p.
511 4179 615 4233 x-x1.

305 4261 326 4326 ⁵)
346 4267 415 4320 Treu
433 4266 456 4320 Il
474 4282 502 4335 p.
520 4265 616 4320 3-11.

305 4347 326 4412 ⁵)
345 4352 470 4423 Wessely
488 4355 505 4407 l.
524 4355 542 4408 l.
562 4370 589 4421 p.
609 4352 668 4406 294.

305 4435 327 4501 7)
345 4441 461 4496 Hermes
478 4442 537 4497 Vol.
556 4442 590 4496 IV
609 4457 635 4508 p.
654 4439 803 4494 390-403.
