3282 5146
642 1815 951 1910 PRAEFATIO.
994 1853 996 1856 ·

287 2107 429 2210 ¹Nulla
450 2144 519 2208 lere
542 2149 675 2208 exstant
696 2142 906 2227 antiquitatis
928 2150 1158 2224 monumenta,
1187 2166 1272 2229 quac,
1303 2165 1381 2209 cum

217 2271 310 2330 tanto
333 2284 431 2349 opere
454 2261 687 2329 emendatione
710 2259 838 2347 egeant,
861 2268 972 2327 tantas
994 2264 1168 2348 sagacitati
1190 2264 1381 2328 criticorum

217 2392 336 2472 parent
363 2384 584 2462 difficultates,
615 2388 759 2483 quantas
789 2383 912 2468 scripta
933 2383 1105 2449 Plutarchi
1137 2384 1277 2449 moralia
1305 2405 1381 2486 quae

104 2497 124 2580 s
208 2499 423 2590 ’1000111111.1)
468 2505 581 2570 Huius
610 2505 659 2569 rei
687 2504 803 2569 multae
833 2525 913 2570 sane
946 2525 985 2570 ac
1014 2506 1116 2571 variae
1150 2511 1229 2570 sunt
1262 2526 1380 2584 causae,

216 2629 340 2714 partim
361 2629 398 2692 in
419 2627 525 2711 ipsius
536 2625 709 2691 Plutarchi
722 2625 858 2711 ingenio
873 2626 993 2712 posita,
1016 2626 1141 2712 partim
1156 2627 1194 2691 in
1210 2625 1380 2691 codicibus

215 2751 343 2814 misere·
372 2749 546 2832 corruptis,
584 2747 709 2832 partim
745 2747 782 2811 in
817 2746 915 2812 nobis
950 2747 1041 2832 ipsis,
1097 2747 1185 2812 Nam
1214 2769 1283 2833 qua
1312 2754 1383 2812 erat

215 2871 418 2936 clarissimus
435 2868 490 2934 ille
503 2868 734 2934 Chaeronensis
746 2868 966 2954 philosophus
977 2869 1106 2952 ingenii
1119 2890 1197 2934 cum
1209 2868 1379 2934 fertilitate

215 2999 288 3058 tum
306 2991 499 3078 capacitate,
518 2990 641 3075 scripta
658 2989 730 3054 eius
747 3010 851 3076 prope
868 2990 905 3054 in
922 2988 1080 3055 omnibus
1091 2990 1170 3056 vitae
1187 2996 1220 3054 et
1235 2989 1381 3054 seientiae

215 3111 366 3197 partibus
389 3132 483 3196 aeque
506 3117 692 3190 versantur,
717 3131 779 3175 nec
800 3132 900 3196 parce
918 3109 980 3176 sed
1003 3132 1042 3175 ea
1064 3111 1169 3196 copia,
1192 3117 1231 3175 ut
1249 3109 1381 3175 dubites

215 3239 331 3297 utrum
352 3233 460 3317 magis
482 3233 679 3320 varietatem
696 3253 813 3296 eorum
829 3254 875 3296 an
891 3231 1145 3297 multitudinem
1161 3253 1257 3317 paene
1274 3231 1382 3296 infini-

215 3359 286 3418 tam
308 3351 490 3418 admireris.
535 3354 653 3438 Itaque
677 3352 732 3418 vel
753 3374 866 3417 rerum
885 3354 1048 3432 omnium,
1071 3375 1148 3438 quae
1165 3353 1201 3417 in
1217 3353 1271 3418 his
1287 3352 1380 3417 libris

215 3481 412 3552 tractantur,
440 3474 564 3559 pariter
591 3494 736 3557 gnarum
763 3495 834 3538 esse
856 3495 896 3538 ac
917 3475 1064 3559 peritum
1089 3473 1183 3538 haud
1205 3472 1381 3539 mediocris

218 3602 268 3690 est
287 3595 456 3661 doctrinae,
497 3593 610 3679 Auget
626 3594 727 3658 etiam
745 3594 879 3678 legendi
897 3583 1128 3659 difficultatem
1145 3593 1237 3678 quod
1255 3593 1382 3658 Plutar-

215 3718 307 3795 chus,
327 3736 480 3781 sermone
497 3714 641 3800 simplici
656 3736 695 3779 ac
706 3715 800 3779 tenui
812 3736 934 3800 parum
946 3721 1134 3794 contentus,
1153 3715 1277 3780 molem
1288 3715 1380 3780 illam

214 3858 327 3903 rerum
344 3859 413 3902 non
431 3823 502 3901 tam
514 3836 682 3921 eleganter
693 3857 798 3920 quam
810 3837 941 3921 copiose
955 3838 1119 3922 exposuit,
1138 3837 1286 3902 oratione
1299 3858 1380 3901 usus

234 4087 255 4153 ¹)
286 4092 343 4145 Hoc
366 4107 468 4144 nomen
486 4090 564 4144 initio
586 4090 697 4158 proprie
716 4090 891 4156 significabat
909 4090 1018 4144 libellos
1039 4091 1107 4149 XXI,
1136 4091 1230 4158 quiin
1249 4092 1341 4145 codice
1359 4092 1380 4144 E

288 4177 330 4240 (cl.
349 4179 447 4233 tabula
464 4188 527 4246 pag.
547 4177 592 4239 20)
621 4179 743 4246 primum
771 4178 862 4232 locum
877 4182 998 4243 ·tenent;
1029 4178 1094 4232 inde
1118 4193 1211 4232 errore
1230 4179 1381 4232 adomnia

285 4266 388 4333 scripta
399 4263 538 4320 Plutarchi
557 4271 656 4334 praeter
673 4266 746 4318 vitas
760 4266 926 4320 translatum
937 4270 993 4330 est,
1012 4265 1045 4319 cl.
1061 4267 1096 4319 M.
1109 4266 1191 4320 Treu:
1217 4267 1273 4320 Zur
1288 4267 1379 4334 gesch.

286 4353 334 4406 der
351 4353 554 4421 tiberlieferung
572 4370 597 4406 v.
617 4351 890 4408 PlutarchsMoralia
907 4354 919 4407 I
937 4369 964 4421 p.
984 4353 1026 4406 Xl·
1054 4349 1217 4420 Pro'gramm
1235 4371 1291 4410 von
1310 4353 1380 4408 Wal-

286 4439 409 4505 denburg
426 4441 456 4494 in
476 4430 627 4506 Schleslenss
657 4439 733 4493 1877.
827 4505 830 4510 Ι
