3282 5146
715 485 751 547 71

151 675 264 740 bachii
287 677 390 745 οὕτως
411 676 464 738 καί
487 677 505 739 ὁ
527 677 617 758 φίλος
638 682 777 745 τοιοῦτος
794 676 873 739 terri
891 676 948 741 illa
967 677 1104 760 quidem
1122 678 1236 762 possit,
1260 677 1318 742 sed

151 818 222 862 non
256 797 336 861 satis
369 797 406 860 in
439 795 495 861 illa
523 803 670 881 apparet,
705 817 781 880 quae
810 817 911 862 causa
940 799 1043 863 luerit
1071 798 1224 877 librariis,
1259 819 1318 862 cur

151 925 272 1004 aptum
294 917 476 983 verborum
494 913 646 982 ordinem
666 916 805 982 molesto
825 925 858 982 et
877 918 1004 984 difficili
1023 926 1201 985 mutarent.
1245 919 1317 1004 Ego

151 1039 374 1104 Plutarchum
404 1039 451 1104 sic
479 1039 648 1124 scripsisse
679 1039 812 1123 opinor:
847 1039 956 1122 ὥσπερ
986 1040 1043 1104 οὖν
1072 1042 1318 1124 Λακεδαιμόνιοι

151 1213 157 1224 .
180 1215 186 1225 .
207 1212 213 1224 .
233 1164 368 1244 ἠξίουν.
390 1211 396 1222 .
416 1207 431 1233 .,
455 1161 557 1230 οὕτως
579 1161 597 1222 ὁ
620 1161 710 1242 φίλος
732 1162 815 1223 ἔσται
836 1167 1054 1232 τοιοῦτος...
1077 1169 1205 1245 πρῶτος
1220 1163 1318 1236 ἀξιῶν

151 1283 317 1346 καλεῖσθαι
345 1332 351 1344 .
376 1332 381 1343 .
406 1331 412 1343 .
441 1282 543 1364 μόνον
572 1283 627 1344 ε’ᾶν
655 1282 709 1344 καὶ
740 1283 904 1364 φείδεσθαι
933 1286 1193 1367 παραιτούμενος,
1226 1283 1318 1368 quod

152 1425 223 1469 non
251 1403 436 1468 admodum
459 1425 480 1467 a
501 1402 655 1467 codicum
678 1403 843 1486 scriptura
865 1403 1045 1489 discrepat;
1075 1405 1318 1470 interciderunt

150 1525 243 1590 enim
283 1531 419 1610 propter
452 1523 707 1589 similitudinem
747 1525 993 1590 terminationis
1033 1526 1188 1592 vocabuli
1228 1534 1318 1591 ante-

149 1645 301 1711 cedentis
314 1645 390 1710 duae
407 1645 866 1729 litterae(olA0cecTA1).
889 1647 1058 1712 Futurum
1070 1647 1143 1712 aliis
1155 1648 1316 1733 exemplis

150 1766 347 1832 defenditur
376 1767 468 1832 velut
497 1789 571 1852 pag.
596 1771 667 1833 640
689 1767 791 1831 huius
814 1767 917 1832 libelli
940 1770 959 1832 ὁ
980 1769 1039 1850 μὲν
1062 1770 1122 1852 γὰρ
1145 1771 1235 1852 φίλος
1257 1771 1316 1852 οὐχ

151 1941 157 1951 .
184 1940 190 1951 .
214 1940 220 1950 .
244 1890 333 1970 αὐτῷ
360 1889 419 1970 μὲν
447 1890 573 1962 ἀξιώσει
602 1889 638 1951 τὰ
667 1889 772 1952 δίκαια
802 1889 857 1953 τὸν
885 1890 976 1972 φίλον
999 1892 1176 1973 ὑπουργεῖν,
1207 1893 1317 1974 ἐκείνῳ

150 2010 279 2080 δἀὐτὸς
301 2012 486 2093 ὑπηρετήσει
508 2011 607 2073 πολλὰ
626 2011 688 2073 κτλ.
735 2010 944 2076 Sententiam
961 2011 1141 2077 verborum
1158 2012 1230 2076 haec
1247 2013 1315 2078 lere

149 2139 217 2196 est:
264 2131 366 2212 tSicut
399 2130 646 2196 Lacedaemonii
678 2131 846 2217 deprecati
879 2139 967 2211 sunt,
1003 2186 1009 2197 .
1035 2186 1041 2197 .
1067 2186 1073 2197 .
1108 2134 1155 2198 ita
1187 2134 1316 2198 amicus

148 2253 256 2318 talem
279 2274 313 2317 se
336 2252 514 2337 praebebit:
538 2253 668 2356 primus
690 2255 718 2316 si
742 2306 748 2317 .
774 2307 779 2317 .
806 2306 811 2317 .
836 2253 988 2319 adhiberi
1011 2255 1084 2318 vult
1106 2258 1175 2319 cet'

142 2507 182 2571 p.
207 2487 251 2551 65
270 2506 287 2551 e
309 2486 397 2569 (cap.
422 2485 576 2566 XXIV).

237 2607 273 2670 τὸ
303 2607 366 2669 δ’ἕν
393 2614 484 2689 ψυχῇ
511 2613 587 2670 νοῦν
617 2608 676 2670 οὐκ
705 2608 820 2690 ἐχούσῃ
850 2609 887 2670 δι’
912 2609 1056 2690 εὐτυχίαν
1077 2611 1097 2690 ἢ
1122 2608 1159 2671 δι’
1184 2609 1316 2690 εὐφυίαν

150 2729 238 2810 ὕψος
266 2729 320 2790 καὶ
346 2730 498 2810 φρόνημα
525 2735 589 2798 τοῖς
617 2735 742 2811 μικροῖς
771 2729 825 2792 καὶ
851 2735 1006 2799 ταπεινοῖς
1027 2730 1159 2811 μάλιστα
1181 2731 1316 2812 βάσιμόν

150 2852 240 2914 ε’στιν.

235 2970 410 3048 blandum,
455 2970 547 3054 quod
587 2970 722 3036 subesse
764 2971 953 3056 suspicatur
994 2970 1273 3055 Wyttenbachius
1282 2973 1314 3056 1),
1373 3059 1377 3068 Ι

150 3092 311 3176 quodque
324 3091 516 3176 Madvigius
527 3092 550 3174 ⁹)
572 3098 702 3156 mutato
724 3094 744 3174 ἥ
768 3092 804 3155 in
827 3094 865 3156 οὐ
888 3092 959 3157 tolli
976 3114 1073 3177 posse
1091 3092 1204 3171 credit,
1228 3101 1315 3158 certe

151 3213 285 3278 nullum
308 3221 366 3291 est,
390 3234 500 3297 neque
523 3214 603 3278 satis
625 3212 791 3296 intellego,
815 3235 919 3298 quare
942 3215 979 3278 in
999 3214 1053 3278 his
1074 3214 1234 3280 haeserint
1252 3216 1316 3281 viri

151 3333 254 3399 docti:
289 3334 379 3400 bona
408 3333 537 3399 indoles
565 3341 598 3399 et
626 3335 754 3419 ingenii
782 3334 880 3413 dona,
911 3335 947 3400 ni
975 3335 1080 3414 fallor,
1111 3357 1180 3401 non
1203 3337 1315 3402 minus

153 3476 255 3539 quam
278 3456 422 3520 fortunae
445 3457 618 3522 hominem
640 3455 797 3541 superbia
819 3457 937 3521 inflare
960 3463 1110 3542 possunt.

150 3709 184 3770 p.
208 3689 283 3754 coe
304 3688 393 3774 (cop.
418 3689 553 3770 XXV).

237 3809 331 3879 αὐτὸς
360 3812 460 3873 ἔοικεν
489 3811 508 3872 ὁ
536 3811 629 3891 λόγος
657 3811 675 3871 ὁ
704 3809 738 3873 τὸ
768 3811 881 3891 ἐφεξῆς
910 3810 1050 3872 ἀπαιτῶν
1073 3811 1239 3874 ἐπιτιθέναι
1260 3811 1316 3893 τὴν

155 3932 314 4014 κορωνίδα
337 3939 383 4013 τῷ
405 3933 632 4015 συγγράμματι.

237 4051 344 4117 Valde
379 4051 582 4118 dissentiunt
615 4051 752 4117 codices.
831 4051 915 4126 Quae
949 4052 986 4116 iu
1018 4050 1174 4118 lemmate
1208 4055 1313 4138 posui,

161 4251 1305 4258 *m*-

194 4375 214 4444 ¹)
231 4381 362 4436 Videatur
381 4385 474 4434 annot.
494 4380 554 4433 eius
572 4380 629 4432 crit.
650 4379 685 4433 ad
704 4379 730 4431 h.
750 4363 884 4432 ladrum·
908 4387 925 4416 ν
945 4351 992 4413 Α
1008 4356 1153 4440 ”’“’”’”·ί“
1180 4345 1269 4416 »Ἢ-

194 4463 213 4527 ²)
231 4469 344 4522 Advers.
363 4467 445 4522 critic.
465 4469 476 4520 l
495 4483 520 4535 p.
539 4465 600 4519 617.
