3282 5146
898 463 939 526 58

345 659 392 722 ll:
416 658 471 727 τάς
487 681 519 720 τε
537 656 597 739 γὰρ
616 661 679 718 τῶν
698 657 833 720 ἰδιωτῶν
844 655 952 726 οὐσίας
963 654 1191 738 ἀφαιρούμενοι
1202 654 1256 718 καί
1268 655 1304 716 τὰ
1316 661 1370 736 τῆς
1380 653 1514 724 πόλεως

342 777 460 848 εἰςτὰς
481 778 589 848 κοινὰς
616 779 772 861 σωτηρίας
798 777 1047 859 ἀνωφελέστεροί
1073 777 1127 840 εἶσι
1155 781 1219 840 τῶν
1248 777 1392 849 ἰδιωτῶν,
1414 778 1452 840 τά
1478 800 1512 838 τε

342 901 474 982 σώματα
501 898 583 982 πρὸς
610 898 664 964 τὸν
690 899 829 981 πόλεμον
855 900 985 962 κάκιστα
1013 898 1067 962 καί
1095 899 1233 981 αἴσχιστα
1256 899 1370 980 ἔχουσι,
1397 903 1512 960 πονεῖν

342 1023 380 1084 οὐ
416 1022 591 1102 δυνάμενοι.
625 1058 667 1066 -
699 1019 857 1105 Apparet,
898 1020 1160 1104 Xenophontem
1192 1018 1244 1082 his
1277 1018 1357 1084 locis
1389 1020 1510 1102 αἰσχρά

343 1141 512 1226 appellare
545 1163 593 1219 ca,
627 1163 703 1226 quae
735 1140 779 1206 ad
811 1161 883 1204 rem
916 1140 1100 1224 aliquam
1137 1138 1346 1204 inhabilia
1386 1146 1419 1204 et
1451 1141 1510 1205 in-

342 1261 483 1341 utilia,
507 1285 576 1328 non
598 1284 646 1341 ea,
670 1284 746 1347 quac
770 1263 879 1347 specie
902 1260 1065 1327 deformia
1087 1268 1120 1327 et
1140 1262 1253 1347 turpia
1282 1268 1370 1326 sunt.
1416 1261 1509 1326 Cum

340 1383 397 1448 illa
414 1384 612 1468 significatio
634 1384 677 1450 ad
699 1391 853 1451 nostrum
869 1383 981 1449 locum
998 1384 1171 1469 aptissima
1188 1384 1239 1461 sit,
1257 1389 1291 1448 et
1307 1404 1377 1448 una
1393 1382 1509 1448 littera

342 1504 450 1570 deleta
472 1506 531 1570 vix
559 1506 791 1571 discernantur
812 1503 985 1583 vocabula,
1009 1503 1196 1589 dequibus
1223 1505 1343 1588 agitur,
1376 1504 1510 1570 Plutar-
1615 1569 1616 1582 ,

342 1628 444 1691 chum
466 1629 597 1711 αἰσχροί,
621 1649 689 1692 non
707 1629 845 1710 γλίσχροι
862 1627 1031 1712 scripsisse
1048 1627 1132 1692 mihi
1149 1625 1287 1712 quidem
1303 1647 1508 1712 persuasum

342 1755 400 1812 est.
451 1749 492 1813 ln
530 1748 676 1813 eundem
704 1769 849 1813 errorem
880 1749 1003 1812 harum
1031 1770 1154 1814 vocum
1185 1746 1508 1814 commutandarum

343 1869 535 1935 inciderunt
551 1869 678 1934 librani
694 1869 759 1935 alio
777 1869 956 1935 Moralium
975 1870 1046 1935 loco
1065 1869 1150 1937 Adv.
1170 1870 1319 1936 Colotem
1337 1893 1369 1956 p.
1385 1874 1468 1937 1113
1480 1873 1506 1949 f,

344 1988 403 2054 ubi
425 1990 705 2075 Wyttcnbachius
728 1998 815 2056 recte
837 1993 951 2075 αἰσχρά
973 1993 1009 2056 in
1031 1994 1159 2076 γλίσχρα
1178 1992 1414 2078 corrigendum
1432 2014 1507 2058 csse

341 2112 480 2190 censuit,
504 2113 713 2191 Duebnerus
736 2115 800 2178 hac
822 2114 950 2199 optima
978 2115 1168 2180 coniectura
1194 2121 1313 2200 spreta,
1342 2113 1507 2180 traditam

340 2233 540 2318 scripturam
563 2235 709 2301 retinuit.

809 2982 891 3052 Πῶς
913 2983 951 3045 ἄν
973 3006 1016 3052 τις

624 3138 787 3220 διακρίνειε
808 3137 862 3200 τὸν
884 3136 1005 3199 κόλακα
1027 3143 1081 3200 τοῦ
1105 3137 1206 3219 φίλου.

328 3425 365 3491 p.
390 3405 433 3471 51
434 3403 469 3492 s
484 3403 572 3488 (cap.
605 3403 678 3486 VJ).

418 3527 513 3609 ταύτῃ
546 3529 674 3608 πρῶτον
714 3525 860 3608 ἐπιχειρεῖ
890 3526 921 3610 (ὁ
950 3526 1060 3610 κόλαξ)
1089 3526 1265 3609 πλησιάζειν
1292 3525 1415 3606 ἑκάστῳ
1443 3527 1499 3588 καὶ

334 3654 570 3730 παρασκηνοῦν,
613 3647 721 3728 ὥσπερ
769 3649 803 3710 ἔν
850 3671 906 3712 τισι
955 3654 1067 3730 νομαῖς
1115 3649 1231 3731 θηρίου
1280 3654 1343 3719 τοῖς
1391 3648 1499 3718 αὐτοῖς

336 3770 556 3852 ἐπιτηδεύμασι
578 3819 584 3831 .
608 3819 615 3832 .
639 3819 645 3832 .
669 3769 723 3832 καί
746 3770 873 3838 διαίταις
894 3769 1013 3851 ἀτρέμα
1035 3769 1249 3852 παραβάλλων
1270 3770 1497 3851 καὶπροσανα-

333 3891 564 3974 χρωννύμινος.

419 4012 510 4077 Bene
527 4011 570 4076 ad
590 4011 791 4076 sententiam
808 4012 1015 4096 comparavit
1031 4010 1310 4095 Wyttenbachius
1319 4011 1342 4095 1)
1364 4010 1494 4078 Platon.

334 4133 513 4218 Rempubl.
538 4133 596 4211 VI,
620 4137 682 4200 493
695 4153 790 4212 a—c;
814 4131 872 4197 scd
901 4138 938 4197 ut
960 4152 1076 4198 omnes
1098 4131 1218 4216 reliqui
1240 4132 1382 4198 editores
1404 4155 1496 4199 men-

335 4315 873 4322 .—-.--—.—.-.-.—...-..-...———
880 4315 892 4319 -
907 4313 1111 4319 -.———.....-

362 4441 382 4503 ¹)
401 4442 431 4495 ln
451 4439 594 4496 animadv.
613 4441 650 4497 ad
668 4441 696 4494 h.
714 4441 732 4495 l.
