<?xml version="1.0" encoding="UTF-8"?>
<!DOCTYPE html PUBLIC "-//W3C//DTD XHTML 1.0 Transitional//EN"
    "http://www.w3.org/TR/xhtml1/DTD/xhtml1-transitional.dtd">
<html xmlns="http://www.w3.org/1999/xhtml" xml:lang="en" lang="en">
 <head>
  <title>
</title>
<meta http-equiv="Content-Type" content="text/html;charset=utf-8" />
  <meta name='ocr-system' content='tesseract 3.04.00' />
  <meta name='ocr-capabilities' content='ocr_page ocr_carea ocr_par ocr_line ocrx_word'/>
</head>
<body>
  <div class='ocr_page' id='page_1' title='image "./studiacriticain00larsgoog_0157.png"; bbox 0 0 3306 5144; ppageno 0'>
   <div class='ocr_carea' id='block_1_1' title="bbox 882 435 943 499">
    <p class='ocr_par' dir='ltr' id='par_1_1' title="bbox 882 435 943 499">
     <span class='ocr_line' id='line_1_1' title="bbox 882 435 943 499; baseline -0.033 0"><span class='ocrx_word' id='word_1_1' title='bbox 882 435 943 499; x_wconf 79' lang='lat'>150</span> 
     </span>
    </p>
   </div>
   <div class='ocr_carea' id='block_1_2' title="bbox 328 625 1499 1071">
    <p class='ocr_par' dir='ltr' id='par_1_2' title="bbox 328 625 721 712">
     <span class='ocr_line' id='line_1_2' title="bbox 328 625 721 712; baseline 0.013 -23"><span class='ocrx_word' id='word_1_2' title='bbox 328 647 364 709; x_wconf 80' lang='grc' dir='ltr'>μ.</span> <span class='ocrx_word' id='word_1_3' title='bbox 390 625 491 692; x_wconf 82' lang='grc' dir='ltr'><strong><em>163ά</em></strong></span> <span class='ocrx_word' id='word_1_4' title='bbox 513 626 601 712; x_wconf 81' lang='lat' dir='ltr'>(cap.</span> <span class='ocrx_word' id='word_1_5' title='bbox 626 627 721 706; x_wconf 87' lang='lat' dir='ltr'><strong><em>XX).</em></strong></span> 
     </span>
    </p>

    <p class='ocr_par' dir='ltr' id='par_1_3' title="bbox 333 748 1499 1071">
     <span class='ocr_line' id='line_1_3' title="bbox 418 748 1498 831; baseline 0.001 -22"><span class='ocrx_word' id='word_1_6' title='bbox 418 748 558 829; x_wconf 83' lang='grc' dir='ltr'><em>κύματος</em></span> <span class='ocrx_word' id='word_1_7' title='bbox 586 749 646 831; x_wconf 85' lang='grc' dir='ltr'>γάρ</span> <span class='ocrx_word' id='word_1_8' title='bbox 675 749 823 831; x_wconf 76' lang='grc' dir='ltr'><em>ἠλιβάτου</em></span> <span class='ocrx_word' id='word_1_9' title='bbox 850 749 921 831; x_wconf 81' lang='grc' dir='ltr'><strong><em>περὶ</em></strong></span> <span class='ocrx_word' id='word_1_10' title='bbox 949 749 1005 831; x_wconf 85' lang='grc' dir='ltr'><strong><em>τὴν</em></strong></span> <span class='ocrx_word' id='word_1_11' title='bbox 1034 755 1130 830; x_wconf 86' lang='grc' dir='ltr'><strong><em>νῆσον</em></strong></span> <span class='ocrx_word' id='word_1_12' title='bbox 1158 750 1328 830; x_wconf 83' lang='grc' dir='ltr'><strong><em>αἰρομένου</em></strong></span> <span class='ocrx_word' id='word_1_13' title='bbox 1357 749 1411 811; x_wconf 81' lang='grc' dir='ltr'>καὶ</span> <span class='ocrx_word' id='word_1_14' title='bbox 1433 755 1498 810; x_wconf 87' lang='grc' dir='ltr'><strong><em>τῶν</em></strong></span> 
     </span>
     <span class='ocr_line' id='line_1_4' title="bbox 333 868 1499 952; baseline 0.003 -23"><span class='ocrx_word' id='word_1_15' title='bbox 333 868 519 949; x_wconf 87' lang='grc' dir='ltr'><strong><em>ἀνθρώπων</em></strong></span> <span class='ocrx_word' id='word_1_16' title='bbox 531 870 680 933; x_wconf 78' lang='grc' dir='ltr'><em>δεδιότων</em></span> <span class='ocrx_word' id='word_1_17' title='bbox 694 872 875 952; x_wconf 85' lang='grc' dir='ltr'><strong><em>ἀπαντῆσαι,</em></strong></span> <span class='ocrx_word' id='word_1_18' title='bbox 893 871 993 952; x_wconf 93' lang='grc' dir='ltr'><strong><em>μόνον</em></strong></span> <span class='ocrx_word' id='word_1_19' title='bbox 1011 869 1148 952; x_wconf 88' lang='grc' dir='ltr'><strong><em>θαλάττῃ</em></strong></span> <span class='ocrx_word' id='word_1_20' title='bbox 1166 870 1297 932; x_wconf 81' lang='grc' dir='ltr'><strong><em>ἕπεσθαι</em></strong></span> <span class='ocrx_word' id='word_1_21' title='bbox 1310 871 1499 941; x_wconf 77' lang='grc' dir='ltr'><em>πολύποδας</em></span> 
     </span>
     <span class='ocr_line' id='line_1_5' title="bbox 333 990 504 1071; baseline 0.012 -21"><span class='ocrx_word' id='word_1_22' title='bbox 333 990 421 1071; x_wconf 74' lang='grc' dir='ltr'><strong><em>αὐτῷ</em></strong></span> <span class='ocrx_word' id='word_1_23' title='bbox 442 991 504 1052; x_wconf 89' lang='grc' dir='ltr'><strong><em>κτλ.</em></strong></span> 
     </span>
    </p>
   </div>
   <div class='ocr_carea' id='block_1_3' title="bbox 417 1110 1499 1193">
    <p class='ocr_par' dir='ltr' id='par_1_4' title="bbox 417 1110 1499 1193">
     <span class='ocr_line' id='line_1_6' title="bbox 417 1110 1499 1193; baseline 0.003 -19"><span class='ocrx_word' id='word_1_24' title='bbox 417 1111 520 1175; x_wconf 91' lang='lat' dir='ltr'>Hunc</span> <span class='ocrx_word' id='word_1_25' title='bbox 542 1111 721 1177; x_wconf 87' lang='lat' dir='ltr'>verborum</span> <span class='ocrx_word' id='word_1_26' title='bbox 739 1111 901 1189; x_wconf 78' lang='lat' dir='ltr'>ordinem,</span> <span class='ocrx_word' id='word_1_27' title='bbox 925 1133 993 1176; x_wconf 92' lang='lat' dir='ltr'>non</span> <span class='ocrx_word' id='word_1_28' title='bbox 1013 1113 1186 1193; x_wconf 82' lang='grc' dir='ltr'><strong><em>ἀπαντῆσαι</em></strong></span> <span class='ocrx_word' id='word_1_29' title='bbox 1204 1110 1353 1174; x_wconf 73' lang='grc' dir='ltr'><strong><em>δεδιότων</em></strong></span> <span class='ocrx_word' id='word_1_30' title='bbox 1369 1111 1499 1177; x_wconf 89' lang='lat' dir='ltr'>habent</span> 
     </span>
    </p>
   </div>
   <div class='ocr_carea' id='block_1_4' title="bbox 333 1221 1497 1316">
    <p class='ocr_par' dir='ltr' id='par_1_5' title="bbox 333 1221 1497 1316">
     <span class='ocr_line' id='line_1_7' title="bbox 333 1221 1497 1316; baseline 0.001 -20"><span class='ocrx_word' id='word_1_31' title='bbox 333 1221 494 1296; x_wconf 86' lang='lat' dir='ltr'>editiones</span> <span class='ocrx_word' id='word_1_32' title='bbox 528 1233 725 1297; x_wconf 77' lang='lat' dir='ltr'>recentiores</span> <span class='ocrx_word' id='word_1_33' title='bbox 754 1233 917 1297; x_wconf 88' lang='lat' dir='ltr'>Hercheri</span> <span class='ocrx_word' id='word_1_34' title='bbox 949 1239 982 1296; x_wconf 86' lang='lat' dir='ltr'>et</span> <span class='ocrx_word' id='word_1_35' title='bbox 1018 1230 1249 1316; x_wconf 81' lang='lat' dir='ltr'>Bemardakie,</span> <span class='ocrx_word' id='word_1_36' title='bbox 1283 1252 1344 1296; x_wconf 89' lang='lat' dir='ltr'>nec</span> <span class='ocrx_word' id='word_1_37' title='bbox 1378 1232 1497 1297; x_wconf 91' lang='lat' dir='ltr'>dubito</span> 
     </span>
    </p>
   </div>
   <div class='ocr_carea' id='block_1_5' title="bbox 332 1352 1499 3501">
    <p class='ocr_par' dir='ltr' id='par_1_6' title="bbox 332 1352 1499 3501">
     <span class='ocr_line' id='line_1_8' title="bbox 333 1352 1496 1439; baseline 0.002 -23"><span class='ocrx_word' id='word_1_38' title='bbox 333 1353 417 1436; x_wconf 91' lang='lat' dir='ltr'>quin</span> <span class='ocrx_word' id='word_1_39' title='bbox 440 1376 538 1419; x_wconf 82' lang='lat' dir='ltr'>verus</span> <span class='ocrx_word' id='word_1_40' title='bbox 562 1355 612 1419; x_wconf 84' lang='lat' dir='ltr'>sit.</span> <span class='ocrx_word' id='word_1_41' title='bbox 637 1355 873 1420; x_wconf 88' lang='lat' dir='ltr'>—Lacunam</span> <span class='ocrx_word' id='word_1_42' title='bbox 897 1354 1025 1439; x_wconf 80' lang='lat' dir='ltr'>primus</span> <span class='ocrx_word' id='word_1_43' title='bbox 1048 1353 1194 1437; x_wconf 79' lang='lat' dir='ltr'>signavit</span> <span class='ocrx_word' id='word_1_44' title='bbox 1204 1352 1496 1437; x_wconf 76' lang='lat' dir='ltr'>WyttenbachiUS‚</span> 
     </span>
     <span class='ocr_line' id='line_1_9' title="bbox 333 1474 1496 1560; baseline 0.002 -23"><span class='ocrx_word' id='word_1_45' title='bbox 333 1475 391 1558; x_wconf 90' lang='lat' dir='ltr'>qui</span> <span class='ocrx_word' id='word_1_46' title='bbox 410 1497 483 1538; x_wconf 86' lang='lat' dir='ltr'>eam</span> <span class='ocrx_word' id='word_1_47' title='bbox 502 1474 662 1539; x_wconf 78' lang='lat' dir='ltr'>audacius</span> <span class='ocrx_word' id='word_1_48' title='bbox 682 1476 728 1539; x_wconf 84' lang='lat' dir='ltr'>eie</span> <span class='ocrx_word' id='word_1_49' title='bbox 740 1476 864 1560; x_wconf 78' lang='lat' dir='ltr'>explet:</span> <span class='ocrx_word' id='word_1_50' title='bbox 885 1475 986 1557; x_wconf 91' lang='grc' dir='ltr'><strong><em>μόνον</em></strong></span> <span class='ocrx_word' id='word_1_51' title='bbox 997 1477 1127 1558; x_wconf 78' lang='grc' dir='ltr'><strong><em>ἐκβῆναι</em></strong></span> <span class='ocrx_word' id='word_1_52' title='bbox 1137 1481 1191 1556; x_wconf 87' lang='grc' dir='ltr'><strong><em>τῆς</em></strong></span> <span class='ocrx_word' id='word_1_53' title='bbox 1202 1476 1357 1557; x_wconf 85' lang='grc' dir='ltr'><strong><em>θαλάττης</em></strong></span> <span class='ocrx_word' id='word_1_54' title='bbox 1368 1476 1421 1538; x_wconf 82' lang='grc' dir='ltr'>καὶ</span> <span class='ocrx_word' id='word_1_55' title='bbox 1433 1478 1496 1539; x_wconf 87' lang='grc' dir='ltr'><strong><em>κτλ.</em></strong></span> 
     </span>
     <span class='ocr_line' id='line_1_10' title="bbox 334 1595 1497 1680; baseline 0.003 -22"><span class='ocrx_word' id='word_1_56' title='bbox 334 1596 428 1660; x_wconf 85' lang='lat' dir='ltr'>Certe</span> <span class='ocrx_word' id='word_1_57' title='bbox 448 1603 560 1660; x_wconf 86' lang='lat' dir='ltr'>errant</span> <span class='ocrx_word' id='word_1_58' title='bbox 582 1596 781 1660; x_wconf 87' lang='lat' dir='ltr'>Duebncrue</span> <span class='ocrx_word' id='word_1_59' title='bbox 801 1605 834 1661; x_wconf 92' lang='lat' dir='ltr'>et</span> <span class='ocrx_word' id='word_1_60' title='bbox 853 1595 1074 1660; x_wconf 83' lang='lat' dir='ltr'>Bernardakie</span> <span class='ocrx_word' id='word_1_61' title='bbox 1099 1617 1177 1659; x_wconf 93' lang='lat' dir='ltr'>cum</span> <span class='ocrx_word' id='word_1_62' title='bbox 1202 1595 1332 1660; x_wconf 88' lang='lat' dir='ltr'>lacunae</span> <span class='ocrx_word' id='word_1_63' title='bbox 1360 1597 1497 1680; x_wconf 82' lang='lat' dir='ltr'>signum</span> 
     </span>
     <span class='ocr_line' id='line_1_11' title="bbox 333 1717 1496 1802; baseline 0.003 -22"><span class='ocrx_word' id='word_1_64' title='bbox 333 1723 409 1801; x_wconf 83' lang='lat' dir='ltr'>poet</span> <span class='ocrx_word' id='word_1_65' title='bbox 435 1719 536 1799; x_wconf 92' lang='grc' dir='ltr'><strong><em>μόνον</em></strong></span> <span class='ocrx_word' id='word_1_66' title='bbox 559 1724 699 1802; x_wconf 83' lang='lat' dir='ltr'>ponunt,</span> <span class='ocrx_word' id='word_1_67' title='bbox 735 1739 816 1782; x_wconf 88' lang='lat' dir='ltr'>nam</span> <span class='ocrx_word' id='word_1_68' title='bbox 839 1723 946 1782; x_wconf 78' lang='lat' dir='ltr'>exstat</span> <span class='ocrx_word' id='word_1_69' title='bbox 968 1718 1148 1801; x_wconf 81' lang='lat' dir='ltr'>vestigium</span> <span class='ocrx_word' id='word_1_70' title='bbox 1177 1717 1249 1781; x_wconf 85' lang='lat' dir='ltr'>eiue</span> <span class='ocrx_word' id='word_1_71' title='bbox 1277 1719 1496 1783; x_wconf 83' lang='lat' dir='ltr'>manifestum</span> 
     </span>
     <span class='ocr_line' id='line_1_12' title="bbox 333 1838 1497 1924; baseline 0.003 -23"><span class='ocrx_word' id='word_1_72' title='bbox 333 1839 444 1903; x_wconf 84' lang='lat' dir='ltr'>hiatus</span> <span class='ocrx_word' id='word_1_73' title='bbox 468 1839 555 1902; x_wconf 87' lang='lat' dir='ltr'>inter</span> <span class='ocrx_word' id='word_1_74' title='bbox 577 1838 679 1904; x_wconf 91' lang='lat' dir='ltr'>verba</span> <span class='ocrx_word' id='word_1_75' title='bbox 700 1840 836 1922; x_wconf 76' lang='grc' dir='ltr'><strong><em>θαλάττῃ</em></strong></span> <span class='ocrx_word' id='word_1_76' title='bbox 861 1845 894 1903; x_wconf 93' lang='lat' dir='ltr'>et</span> <span class='ocrx_word' id='word_1_77' title='bbox 915 1840 1053 1902; x_wconf 82' lang='grc' dir='ltr'><strong><em>ἕπεσθαι.</em></strong></span> <span class='ocrx_word' id='word_1_78' title='bbox 1098 1838 1170 1921; x_wconf 83' lang='lat' dir='ltr'>Ego</span> <span class='ocrx_word' id='word_1_79' title='bbox 1194 1838 1240 1901; x_wconf 87' lang='lat' dir='ltr'>sic</span> <span class='ocrx_word' id='word_1_80' title='bbox 1264 1839 1418 1924; x_wconf 78' lang='lat' dir='ltr'>euppieoz</span> <span class='ocrx_word' id='word_1_81' title='bbox 1442 1842 1497 1904; x_wconf 87' lang='grc' dir='ltr'>καὶ</span> 
     </span>
     <span class='ocr_line' id='line_1_13' title="bbox 332 1960 1497 2042; baseline 0.003 -20"><span class='ocrx_word' id='word_1_82' title='bbox 332 1965 396 2023; x_wconf 83' lang='grc' dir='ltr'><strong><em>τῶν</em></strong></span> <span class='ocrx_word' id='word_1_83' title='bbox 418 1961 604 2042; x_wconf 87' lang='grc' dir='ltr'><strong><em>ἀνθρώπων</em></strong></span> <span class='ocrx_word' id='word_1_84' title='bbox 628 1961 786 2034; x_wconf 78' lang='grc' dir='ltr'><strong><em>δεδιότων,</em></strong></span> <span class='ocrx_word' id='word_1_85' title='bbox 807 1962 980 2042; x_wconf 85' lang='grc' dir='ltr'><strong><em>ἀπαντῆσαι</em></strong></span> <span class='ocrx_word' id='word_1_86' title='bbox 1001 1960 1102 2042; x_wconf 92' lang='grc' dir='ltr'><strong><em>μόνον</em></strong></span> <span class='ocrx_word' id='word_1_87' title='bbox 1120 1960 1257 2041; x_wconf 91' lang='grc' dir='ltr'><strong><em>θαλάττῃ</em></strong></span> <span class='ocrx_word' id='word_1_88' title='bbox 1281 1960 1351 2032; x_wconf 82' lang='grc' dir='ltr'><strong><em>»τὸν</em></strong></span> <span class='ocrx_word' id='word_1_89' title='bbox 1361 1961 1497 2025; x_wconf 83' lang='grc' dir='ltr'><strong><em>Ἔναλον</em></strong></span> 
     </span>
     <span class='ocr_line' id='line_1_14' title="bbox 332 2081 1495 2162; baseline 0.003 -19"><span class='ocrx_word' id='word_1_90' title='bbox 332 2082 402 2143; x_wconf 77' lang='lat' dir='ltr'>not«</span> <span class='ocrx_word' id='word_1_91' title='bbox 428 2083 559 2144; x_wconf 82' lang='grc' dir='ltr'><strong><em>ἕπεσθαι</em></strong></span> <span class='ocrx_word' id='word_1_92' title='bbox 576 2084 648 2154; x_wconf 85' lang='grc' dir='ltr'><strong><em>κτλ,</em></strong></span> <span class='ocrx_word' id='word_1_93' title='bbox 671 2082 690 2146; x_wconf 92' lang='lat' dir='ltr'>i.</span> <span class='ocrx_word' id='word_1_94' title='bbox 711 2103 737 2146; x_wconf 93' lang='lat' dir='ltr'>e.</span> <span class='ocrx_word' id='word_1_95' title='bbox 759 2088 939 2162; x_wconf 75' lang='lat' dir='ltr'>¹narratum</span> <span class='ocrx_word' id='word_1_96' title='bbox 958 2087 1008 2145; x_wconf 81' lang='lat' dir='ltr'>eet</span> <span class='ocrx_word' id='word_1_97' title='bbox 1031 2133 1036 2145; x_wconf 94' lang='lat'>.</span> <span class='ocrx_word' id='word_1_98' title='bbox 1057 2133 1063 2144; x_wconf 90' lang='lat'><em>.</em></span> <span class='ocrx_word' id='word_1_99' title='bbox 1084 2133 1089 2144; x_wconf 94' lang='lat'>.</span> <span class='ocrx_word' id='word_1_100' title='bbox 1115 2102 1191 2144; x_wconf 91' lang='lat' dir='ltr'>cum</span> <span class='ocrx_word' id='word_1_101' title='bbox 1212 2081 1311 2144; x_wconf 90' lang='lat' dir='ltr'>ceteri</span> <span class='ocrx_word' id='word_1_102' title='bbox 1328 2082 1495 2156; x_wconf 79' lang='lat' dir='ltr'>timerent,</span> 
     </span>
     <span class='ocr_line' id='line_1_15' title="bbox 332 2201 1497 2286; baseline 0.003 -22"><span class='ocrx_word' id='word_1_103' title='bbox 332 2201 479 2266; x_wconf 77' lang='lat' dir='ltr'>Enetum</span> <span class='ocrx_word' id='word_1_104' title='bbox 505 2203 612 2266; x_wconf 83' lang='lat' dir='ltr'>solum</span> <span class='ocrx_word' id='word_1_105' title='bbox 637 2202 718 2286; x_wconf 86' lang='lat' dir='ltr'>(sine</span> <span class='ocrx_word' id='word_1_106' title='bbox 742 2201 872 2286; x_wconf 85' lang='lat' dir='ltr'>comite)</span> <span class='ocrx_word' id='word_1_107' title='bbox 895 2202 980 2266; x_wconf 88' lang='lat' dir='ltr'>mari</span> <span class='ocrx_word' id='word_1_108' title='bbox 1002 2201 1138 2268; x_wconf 78' lang='lat' dir='ltr'>obviam</span> <span class='ocrx_word' id='word_1_109' title='bbox 1161 2202 1261 2267; x_wconf 86' lang='lat' dir='ltr'>ivieee</span> <span class='ocrx_word' id='word_1_110' title='bbox 1283 2206 1364 2268; x_wconf 83' lang='lat' dir='ltr'>cet’.</span> <span class='ocrx_word' id='word_1_111' title='bbox 1409 2203 1497 2268; x_wconf 86' lang='lat' dir='ltr'>Arti-</span> 
     </span>
     <span class='ocr_line' id='line_1_16' title="bbox 332 2322 1494 2409; baseline 0.003 -23"><span class='ocrx_word' id='word_1_112' title='bbox 332 2322 427 2387; x_wconf 82' lang='lat' dir='ltr'>culue</span> <span class='ocrx_word' id='word_1_113' title='bbox 449 2324 486 2387; x_wconf 91' lang='lat' dir='ltr'>in</span> <span class='ocrx_word' id='word_1_114' title='bbox 508 2323 671 2389; x_wconf 71' lang='lat' dir='ltr'>vocabum</span> <span class='ocrx_word' id='word_1_115' title='bbox 693 2325 829 2407; x_wconf 85' lang='grc' dir='ltr'><strong><em>θαλάττῃ</em></strong></span> <span class='ocrx_word' id='word_1_116' title='bbox 859 2345 928 2389; x_wconf 92' lang='lat' dir='ltr'>non</span> <span class='ocrx_word' id='word_1_117' title='bbox 951 2322 1166 2402; x_wconf 81' lang='lat' dir='ltr'>desideratur,</span> <span class='ocrx_word' id='word_1_118' title='bbox 1198 2326 1238 2389; x_wconf 85' lang='lat' dir='ltr'>cf.</span> <span class='ocrx_word' id='word_1_119' title='bbox 1263 2323 1373 2390; x_wconf 85' lang='lat' dir='ltr'>Madv.</span> <span class='ocrx_word' id='word_1_120' title='bbox 1399 2326 1494 2409; x_wconf 85' lang='lat' dir='ltr'>Synt.</span> 
     </span>
     <span class='ocr_line' id='line_1_17' title="bbox 333 2443 1497 2530; baseline 0.003 -23"><span class='ocrx_word' id='word_1_121' title='bbox 333 2443 387 2509; x_wconf 86' lang='lat' dir='ltr'>Gr.</span> <span class='ocrx_word' id='word_1_122' title='bbox 411 2443 433 2529; x_wconf 66' lang='grc' dir='ltr'><strong><em>ξ</em></strong></span> <span class='ocrx_word' id='word_1_123' title='bbox 455 2449 475 2511; x_wconf 91' lang='grc'>8</span> <span class='ocrx_word' id='word_1_124' title='bbox 498 2467 575 2509; x_wconf 88' lang='lat' dir='ltr'>ann.</span> <span class='ocrx_word' id='word_1_125' title='bbox 601 2449 652 2510; x_wconf 78' lang='grc' dir='ltr'>2ο</span> <span class='ocrx_word' id='word_1_126' title='bbox 681 2451 713 2508; x_wconf 92' lang='lat' dir='ltr'>et</span> <span class='ocrx_word' id='word_1_127' title='bbox 741 2445 843 2508; x_wconf 81' lang='lat' dir='ltr'>huius</span> <span class='ocrx_word' id='word_1_128' title='bbox 866 2444 920 2508; x_wconf 87' lang='lat' dir='ltr'>lib.</span> <span class='ocrx_word' id='word_1_129' title='bbox 946 2465 1016 2528; x_wconf 64' lang='lat' dir='ltr'>car).</span> <span class='ocrx_word' id='word_1_130' title='bbox 1041 2445 1125 2508; x_wconf 83' lang='lat' dir='ltr'>XIX</span> <span class='ocrx_word' id='word_1_131' title='bbox 1148 2467 1171 2509; x_wconf 84' lang='lat' dir='ltr'>e.</span> <span class='ocrx_word' id='word_1_132' title='bbox 1191 2446 1246 2510; x_wconf 89' lang='lat' dir='ltr'>fin.</span> <span class='ocrx_word' id='word_1_133' title='bbox 1276 2446 1311 2510; x_wconf 82' lang='grc' dir='ltr'>εἰι</span> <span class='ocrx_word' id='word_1_134' title='bbox 1339 2448 1497 2530; x_wconf 88' lang='grc' dir='ltr'><strong><em>θαλάττης</em></strong></span> 
     </span>
     <span class='ocr_line' id='line_1_18' title="bbox 333 2566 1497 2651; baseline 0.003 -22"><span class='ocrx_word' id='word_1_135' title='bbox 333 2567 485 2648; x_wconf 83' lang='grc' dir='ltr'><strong><em>γενέσθαι.</em></strong></span> <span class='ocrx_word' id='word_1_136' title='bbox 540 2566 658 2651; x_wconf 88' lang='lat' dir='ltr'>Neque</span> <span class='ocrx_word' id='word_1_137' title='bbox 686 2573 800 2630; x_wconf 89' lang='lat' dir='ltr'>tamen</span> <span class='ocrx_word' id='word_1_138' title='bbox 828 2567 1022 2649; x_wconf 82' lang='lat' dir='ltr'>negaverim.</span> <span class='ocrx_word' id='word_1_139' title='bbox 1051 2567 1122 2630; x_wconf 87' lang='lat' dir='ltr'>fieri</span> <span class='ocrx_word' id='word_1_140' title='bbox 1151 2589 1256 2651; x_wconf 76' lang='lat' dir='ltr'>posse,</span> <span class='ocrx_word' id='word_1_141' title='bbox 1292 2574 1329 2631; x_wconf 91' lang='lat' dir='ltr'>ut</span> <span class='ocrx_word' id='word_1_142' title='bbox 1350 2575 1497 2632; x_wconf 89' lang='lat' dir='ltr'>tantum-</span> 
     </span>
     <span class='ocr_line' id='line_1_19' title="bbox 333 2687 1498 2771; baseline 0.003 -20"><span class='ocrx_word' id='word_1_143' title='bbox 333 2687 432 2753; x_wconf 92' lang='lat' dir='ltr'>modo</span> <span class='ocrx_word' id='word_1_144' title='bbox 466 2687 672 2752; x_wconf 85' lang='lat' dir='ltr'>interciderit</span> <span class='ocrx_word' id='word_1_145' title='bbox 705 2687 896 2751; x_wconf 87' lang='lat' dir='ltr'>coniunctio</span> <span class='ocrx_word' id='word_1_146' title='bbox 932 2690 987 2750; x_wconf 89' lang='grc' dir='ltr'>καί</span> <span class='ocrx_word' id='word_1_147' title='bbox 1012 2687 1100 2752; x_wconf 87' lang='lat' dir='ltr'>inter</span> <span class='ocrx_word' id='word_1_148' title='bbox 1128 2689 1265 2771; x_wconf 83' lang='grc' dir='ltr'><strong><em>θαλάττῃ</em></strong></span> <span class='ocrx_word' id='word_1_149' title='bbox 1295 2696 1327 2753; x_wconf 92' lang='lat' dir='ltr'>et</span> <span class='ocrx_word' id='word_1_150' title='bbox 1356 2692 1498 2767; x_wconf 80' lang='grc' dir='ltr'><strong><em>ἔπεσθαι,</em></strong></span> 
     </span>
     <span class='ocr_line' id='line_1_20' title="bbox 332 2809 1497 2879; baseline 0.002 -3"><span class='ocrx_word' id='word_1_151' title='bbox 332 2831 413 2876; x_wconf 87' lang='lat' dir='ltr'>nam</span> <span class='ocrx_word' id='word_1_152' title='bbox 442 2809 540 2874; x_wconf 83' lang='lat' dir='ltr'>Enali</span> <span class='ocrx_word' id='word_1_153' title='bbox 575 2830 697 2873; x_wconf 89' lang='lat' dir='ltr'>nomen</span> <span class='ocrx_word' id='word_1_154' title='bbox 733 2831 773 2873; x_wconf 86' lang='lat' dir='ltr'>ex</span> <span class='ocrx_word' id='word_1_155' title='bbox 803 2809 951 2873; x_wconf 85' lang='lat' dir='ltr'>oratione</span> <span class='ocrx_word' id='word_1_156' title='bbox 979 2809 1189 2874; x_wconf 77' lang='lat' dir='ltr'>antecedenti</span> <span class='ocrx_word' id='word_1_157' title='bbox 1225 2810 1320 2874; x_wconf 85' lang='lat' dir='ltr'>facile</span> <span class='ocrx_word' id='word_1_158' title='bbox 1350 2812 1497 2879; x_wconf 88' lang='lat' dir='ltr'>auditur.</span> 
     </span>
     <span class='ocr_line' id='line_1_21' title="bbox 333 2930 1498 3016; baseline 0.005 -23"><span class='ocrx_word' id='word_1_159' title='bbox 333 2930 557 2994; x_wconf 87' lang='lat' dir='ltr'>Bernardakie</span> <span class='ocrx_word' id='word_1_160' title='bbox 584 2931 619 2994; x_wconf 92' lang='lat' dir='ltr'>in</span> <span class='ocrx_word' id='word_1_161' title='bbox 646 2930 829 3015; x_wconf 68' lang='lat' dir='ltr'>¹Syrnloolis’</span> <span class='ocrx_word' id='word_1_162' title='bbox 864 2931 928 2995; x_wconf 91' lang='lat' dir='ltr'>hoc</span> <span class='ocrx_word' id='word_1_163' title='bbox 962 2931 1176 2995; x_wconf 84' lang='lat' dir='ltr'>commendat</span> <span class='ocrx_word' id='word_1_164' title='bbox 1208 2931 1498 3016; x_wconf 83' lang='lat' dir='ltr'>supplementum:</span> 
     </span>
     <span class='ocr_line' id='line_1_22' title="bbox 332 3051 1498 3140; baseline 0.005 -27"><span class='ocrx_word' id='word_1_165' title='bbox 332 3051 434 3132; x_wconf 84' lang='grc' dir='ltr'><strong><em>μόνον</em></strong></span> <span class='ocrx_word' id='word_1_166' title='bbox 472 3051 717 3135; x_wconf 81' lang='grc' dir='ltr'><strong><em>ΘΑρρήσαντος</em></strong></span> <span class='ocrx_word' id='word_1_167' title='bbox 754 3059 809 3115; x_wconf 85' lang='grc' dir='ltr'><strong><em>τοῦ</em></strong></span> <span class='ocrx_word' id='word_1_168' title='bbox 853 3052 984 3115; x_wconf 84' lang='grc' dir='ltr'><strong><em>Ἐνάλου</em></strong></span> <span class='ocrx_word' id='word_1_169' title='bbox 1024 3053 1210 3135; x_wconf 84' lang='grc' dir='ltr'><strong><em>προσελθεῖν</em></strong></span> <span class='ocrx_word' id='word_1_170' title='bbox 1248 3061 1285 3136; x_wconf 78' lang='grc' dir='ltr'><strong><em>τῇ</em></strong></span> <span class='ocrx_word' id='word_1_171' title='bbox 1322 3053 1498 3140; x_wconf 81' lang='grc' dir='ltr'><strong><em>ΘΑλάττῃ.</em></strong></span> 
     </span>
     <span class='ocr_line' id='line_1_23' title="bbox 333 3173 1499 3260; baseline 0.005 -25"><span class='ocrx_word' id='word_1_172' title='bbox 333 3174 472 3246; x_wconf 80' lang='grc' dir='ltr'><strong><em>ἕπεσθαι,</em></strong></span> <span class='ocrx_word' id='word_1_173' title='bbox 505 3175 542 3237; x_wconf 82' lang='lat' dir='ltr'>in</span> <span class='ocrx_word' id='word_1_174' title='bbox 570 3173 714 3237; x_wconf 87' lang='lat' dir='ltr'>editione</span> <span class='ocrx_word' id='word_1_175' title='bbox 749 3195 810 3237; x_wconf 78' lang='lat' dir='ltr'>sua</span> <span class='ocrx_word' id='word_1_176' title='bbox 840 3173 918 3237; x_wconf 85' lang='lat' dir='ltr'>hoc:</span> <span class='ocrx_word' id='word_1_177' title='bbox 952 3175 1045 3255; x_wconf 85' lang='grc' dir='ltr'><strong><em>μόνῳ</em></strong></span> <span class='ocrx_word' id='word_1_178' title='bbox 1077 3174 1275 3255; x_wconf 81' lang='grc' dir='ltr'><strong><em>θαρρήσαντί</em></strong></span> <span class='ocrx_word' id='word_1_179' title='bbox 1299 3184 1345 3256; x_wconf 77' lang='grc' dir='ltr'><strong><em>τῷ</em></strong></span> <span class='ocrx_word' id='word_1_180' title='bbox 1374 3177 1499 3260; x_wconf 86' lang='grc' dir='ltr'><strong><em>Ἐνάλῳ</em></strong></span> 
     </span>
     <span class='ocr_line' id='line_1_24' title="bbox 332 3294 1499 3382; baseline 0.005 -26"><span class='ocrx_word' id='word_1_181' title='bbox 332 3295 518 3376; x_wconf 82' lang='grc' dir='ltr'><strong><em>προσελθεῖν</em></strong></span> <span class='ocrx_word' id='word_1_182' title='bbox 543 3303 580 3378; x_wconf 83' lang='grc' dir='ltr'><strong><em>τῇ</em></strong></span> <span class='ocrx_word' id='word_1_183' title='bbox 610 3295 747 3376; x_wconf 89' lang='grc' dir='ltr'><strong><em>θαλάττῃ</em></strong></span> <span class='ocrx_word' id='word_1_184' title='bbox 777 3296 922 3372; x_wconf 81' lang='grc' dir='ltr'><strong><em>ἕπεσθαι;</em></strong></span> <span class='ocrx_word' id='word_1_185' title='bbox 957 3302 1139 3377; x_wconf 89' lang='lat' dir='ltr'>utrumque</span> <span class='ocrx_word' id='word_1_186' title='bbox 1172 3294 1256 3357; x_wconf 88' lang='lat' dir='ltr'>mihi</span> <span class='ocrx_word' id='word_1_187' title='bbox 1292 3318 1360 3359; x_wconf 92' lang='lat' dir='ltr'>nen</span> <span class='ocrx_word' id='word_1_188' title='bbox 1388 3300 1499 3382; x_wconf 85' lang='lat' dir='ltr'>magis</span> 
     </span>
     <span class='ocr_line' id='line_1_25' title="bbox 333 3415 1197 3501; baseline 0 -22"><span class='ocrx_word' id='word_1_189' title='bbox 333 3437 436 3499; x_wconf 90' lang='lat' dir='ltr'>quam</span> <span class='ocrx_word' id='word_1_190' title='bbox 458 3415 709 3500; x_wconf 88' lang='lat' dir='ltr'>Wyttenbachii</span> <span class='ocrx_word' id='word_1_191' title='bbox 732 3415 1006 3500; x_wconf 81' lang='lat' dir='ltr'>supplementum</span> <span class='ocrx_word' id='word_1_192' title='bbox 1029 3415 1197 3501; x_wconf 86' lang='lat' dir='ltr'>probatur.</span> 
     </span>
    </p>
   </div>
   <div class='ocr_carea' id='block_1_6' title="bbox 735 3799 1093 3881">
    <p class='ocr_par' dir='ltr' id='par_1_7' title="bbox 735 3799 1093 3881">
     <span class='ocr_line' id='line_1_26' title="bbox 735 3799 1093 3881; baseline 0 -19"><span class='ocrx_word' id='word_1_193' title='bbox 735 3799 816 3881; x_wconf 84' lang='grc' dir='ltr'><strong><em>Περὶ</em></strong></span> <span class='ocrx_word' id='word_1_194' title='bbox 845 3799 1093 3880; x_wconf 87' lang='grc' dir='ltr'><strong><em>δεισιδαιμονίας.</em></strong></span> 
     </span>
    </p>
   </div>
   <div class='ocr_carea' id='block_1_7' title="bbox 329 4037 1496 4365">
    <p class='ocr_par' dir='ltr' id='par_1_8' title="bbox 329 4037 1496 4365">
     <span class='ocr_line' id='line_1_27' title="bbox 329 4037 843 4125; baseline -0.004 -21"><span class='ocrx_word' id='word_1_195' title='bbox 329 4059 365 4124; x_wconf 80' lang='grc' dir='ltr'>μ.</span> <span class='ocrx_word' id='word_1_196' title='bbox 390 4039 625 4125; x_wconf 81' lang='lat' dir='ltr'><em>165f-166a</em></span> <span class='ocrx_word' id='word_1_197' title='bbox 647 4040 736 4123; x_wconf 80' lang='lat' dir='ltr'>(cap.</span> <span class='ocrx_word' id='word_1_198' title='bbox 761 4037 843 4119; x_wconf 91' lang='lat' dir='ltr'><em>III).</em></span> 
     </span>
     <span class='ocr_line' id='line_1_28' title="bbox 418 4157 1496 4240; baseline -0.004 -16"><span class='ocrx_word' id='word_1_199' title='bbox 418 4161 467 4224; x_wconf 80' lang='grc' dir='ltr'><strong><em>εἶτ’</em></strong></span> <span class='ocrx_word' id='word_1_200' title='bbox 503 4161 720 4234; x_wconf 75' lang='grc' dir='ltr'><strong><em>ἐξαναστάντες</em></strong></span> <span class='ocrx_word' id='word_1_201' title='bbox 750 4209 756 4222; x_wconf 94' lang='grc'><strong>.</strong></span> <span class='ocrx_word' id='word_1_202' title='bbox 781 4209 786 4221; x_wconf 95' lang='grc'><strong><em>.</em></strong></span> <span class='ocrx_word' id='word_1_203' title='bbox 811 4209 817 4222; x_wconf 93' lang='grc'><em>.</em></span> <span class='ocrx_word' id='word_1_204' title='bbox 845 4161 912 4223; x_wconf 81' lang='grc' dir='ltr'><strong><em>οὐδ’</em></strong></span> <span class='ocrx_word' id='word_1_205' title='bbox 948 4160 1085 4240; x_wconf 75' lang='grc' dir='ltr'><strong><em>ᾔσθοντο</em></strong></span> <span class='ocrx_word' id='word_1_206' title='bbox 1118 4157 1164 4219; x_wconf 89' lang='grc' dir='ltr'><strong><em>ὅτι</em></strong></span> <span class='ocrx_word' id='word_1_207' title='bbox 1195 4162 1259 4220; x_wconf 86' lang='grc' dir='ltr'><strong><em>τῶν</em></strong></span> <span class='ocrx_word' id='word_1_208' title='bbox 1291 4159 1496 4239; x_wconf 82' lang='grc' dir='ltr'><strong><em>ταραξάντων</em></strong></span> 
     </span>
     <span class='ocr_line' id='line_1_29' title="bbox 335 4278 1495 4365; baseline -0.003 -19"><span class='ocrx_word' id='word_1_209' title='bbox 335 4283 428 4347; x_wconf 79' lang='grc' dir='ltr'><strong><em>οὐδὲν</em></strong></span> <span class='ocrx_word' id='word_1_210' title='bbox 449 4283 488 4365; x_wconf 78' lang='grc' dir='ltr'>ἢν</span> <span class='ocrx_word' id='word_1_211' title='bbox 511 4282 670 4364; x_wconf 86' lang='grc' dir='ltr'><strong><em>ἀληθινόν,</em></strong></span> <span class='ocrx_word' id='word_1_212' title='bbox 695 4281 772 4344; x_wconf 82' lang='grc' dir='ltr'><strong><em>ἀλλὰ</em></strong></span> <span class='ocrx_word' id='word_1_213' title='bbox 796 4332 801 4342; x_wconf 97' lang='grc'>.</span> <span class='ocrx_word' id='word_1_214' title='bbox 826 4330 832 4342; x_wconf 91' lang='grc'><strong>.</strong></span> <span class='ocrx_word' id='word_1_215' title='bbox 856 4330 862 4342; x_wconf 89' lang='grc'><strong>.</strong></span> <span class='ocrx_word' id='word_1_216' title='bbox 886 4281 1080 4352; x_wconf 78' lang='grc' dir='ltr'><strong><em>ἐξαπατῶσιν</em></strong></span> <span class='ocrx_word' id='word_1_217' title='bbox 1103 4278 1231 4348; x_wconf 83' lang='grc' dir='ltr'><strong><em>ἑαυτοὺς</em></strong></span> <span class='ocrx_word' id='word_1_218' title='bbox 1253 4279 1306 4341; x_wconf 87' lang='grc' dir='ltr'>καὶ</span> <span class='ocrx_word' id='word_1_219' title='bbox 1329 4278 1495 4342; x_wconf 83' lang='grc' dir='ltr'><strong><em>δαπανῶσι</em></strong></span> 
     </span>
    </p>
   </div>
   <div class='ocr_carea' id='block_1_8' title="bbox 334 4399 1493 4487">
    <p class='ocr_par' dir='ltr' id='par_1_9' title="bbox 334 4399 1493 4487">
     <span class='ocr_line' id='line_1_30' title="bbox 334 4399 1493 4487; baseline -0.003 -21"><span class='ocrx_word' id='word_1_220' title='bbox 334 4404 387 4466; x_wconf 85' lang='grc' dir='ltr'>καὶ</span> <span class='ocrx_word' id='word_1_221' title='bbox 403 4407 611 4487; x_wconf 83' lang='grc' dir='ltr'><strong><em>ταράττουσιν,</em></strong></span> <span class='ocrx_word' id='word_1_222' title='bbox 634 4404 676 4472; x_wconf 80' lang='grc' dir='ltr'>εἰς</span> <span class='ocrx_word' id='word_1_223' title='bbox 693 4403 830 4484; x_wconf 83' lang='grc' dir='ltr'><strong><em>ἀγύρτας</em></strong></span> <span class='ocrx_word' id='word_1_224' title='bbox 846 4401 900 4464; x_wconf 85' lang='grc' dir='ltr'>καὶ</span> <span class='ocrx_word' id='word_1_225' title='bbox 922 4400 1036 4482; x_wconf 79' lang='grc' dir='ltr'><strong><em>γόητας</em></strong></span> <span class='ocrx_word' id='word_1_226' title='bbox 1058 4399 1241 4480; x_wconf 78' lang='grc' dir='ltr'><strong><em>ἐμπεσόντες</em></strong></span> <span class='ocrx_word' id='word_1_227' title='bbox 1262 4400 1408 4480; x_wconf 84' lang='grc' dir='ltr'><strong><em>λέγοντας</em></strong></span> <span class='ocrx_word' id='word_1_228' title='bbox 1429 4401 1493 4463; x_wconf 85' lang='grc' dir='ltr'><strong><em>κτλ.</em></strong></span> 
     </span>
    </p>
   </div>
   <div class='ocr_carea' id='block_1_9' title="bbox 0 0 1658 5144">
    <p class='ocr_par' dir='ltr' id='par_1_10' title="bbox 0 0 1658 5144">
     <span class='ocr_line' id='line_1_31' title="bbox 0 0 1658 5144; baseline 0 0"><span class='ocrx_word' id='word_1_229' title='bbox 0 0 1658 5144; x_wconf 95' lang='lat' dir='ltr'> </span> 
     </span>
    </p>
   </div>
  </div>
 </body>
</html>
