3282 5146
750 491 934 617 21⁴*

185 716 228 770 34.
248 718 405 787 coniugalia
423 725 569 788 praecepta.
792 718 834 772 57.
854 719 888 775 de
914 719 1080 776 Alexandro
1103 738 1125 776 s.
1152 722 1213 775 virt.
1237 739 1260 776 3.
1283 721 1345 776 fort.

185 804 228 858 35.
248 806 285 860 ad
302 808 456 875 prinoipem
473 807 650 863 ineruditum.
890 811 969 863 oratt.
987 809 1018 863 ΙΙ.
1127 813 1129 818 “
1393 809 1397 815 “

184 892 227 946 36.
246 894 280 948 de
298 911 348 949 esu
367 896 493 950 carnium
513 898 592 951 oratt.
611 896 642 950 11.
736 889 739 894 ’
758 899 761 970 l
791 895 835 948 58.
855 900 993 965 praecepla
1011 897 1136 964 gerenda
1155 897 1194 952 rai
1212 897 1289 964 publ.

185 980 228 1034 37.
248 982 282 1036 de
300 983 365 1037 lato.
758 971 761 986 ’
791 983 834 1037 59.
854 1000 948 1052 regum
967 987 993 1039 et
1010 985 1077 1053 imp.
1099 984 1344 1054 apophthegmata

185 1067 228 1122 38.
247 1067 397 1144 Platonica
415 1071 589 1138 questiones.
791 1071 834 1126 60.
854 1069 1093 1141 apophthegmata
1108 1073 1246 1128 Laconica
1260 1073 1345 1133 (insti-

133 1197 135 1200 -
184 1157 228 1211 39.
248 1159 283 1213 de
303 1160 419 1214 musica.
853 1176 855 1180 ’
888 1163 948 1215 tuta
974 1161 1119 1220 Laconica,
1149 1161 1343 1216 Lacaenarum

185 1246 227 1300 40.
248 1245 355 1302 Stoicos
365 1246 532 1304 absurdiora
541 1249 628 1316 poetis
638 1247 736 1303 dicere.
768 1320 770 1324 y
889 1249 1147 1317 apophthegmata).
1200 1281 1202 1287 ·

185 1334 228 1387 41.
247 1334 736 1405 Aristoph.etMenandricomparat.
790 1335 834 1388 61.
852 1337 1000 1405 parallela.

185 1421 228 1474 42.
248 1422 310 1490 epil.
329 1423 393 1476 libri
412 1423 446 1478 de
465 1424 566 1478 animae
584 1439 673 1492 proor.
790 1422 834 1476 62.
853 1424 1020 1492 quaestiones
1039 1424 1174 1479 Romana
1192 1429 1219 1499 et
1235 1423 1344 1480 Graeca.

186 1510 228 1564 43.
247 1527 304 1566 non
333 1527 416 1579 posse
441 1512 564 1566 suaviter
596 1511 654 1566 vivi
681 1528 735 1567 sec.
790 1509 833 1565 63.
853 1512 878 1565 X
896 1514 1037 1567 oratorum
1056 1511 1129 1566 vitae.

283 1599 440 1668 Epicurum.
637 1634 639 1638 -
790 1599 833 1653 64.
853 1599 936 1654 bruta
954 1599 1061 1654 ratione
1080 1600 1127 1654 uti.

143 1701 147 1707 ·
186 1685 228 1738 44.
248 1687 282 1741 de
299 1688 415 1742 latenter
433 1687 562 1742 vivendo.
779 1687 834 1741 65.
854 1688 887 1743 de
905 1687 1020 1742 vitando
1040 1704 1094 1742 aere
1112 1688 1212 1742 alieno.

186 1775 228 1827 45.
249 1791 286 1829 an
313 1775 450 1830 vitiositas
481 1775 517 1830 ad
541 1775 735 1831 infelicitatem
791 1775 834 1829 66.
854 1776 888 1830 de
906 1774 1060 1830 Stoicorum
1079 1775 1277 1843 repugnantiis.

283 1863 409 1917 sufficiat.
791 1863 834 1916 67.
854 1864 888 1918 de
906 1863 1029 1918 sollertia
1047 1863 1221 1918 animalium.
1312 1935 1314 1939 Ι

186 1949 228 2002 46.
248 1950 281 2005 de
300 1967 395 2005 amoro
414 1952 510 2019 prolis.
792 1950 835 2004 68.
854 1950 888 2006 de
906 1952 928 2005 E
947 1951 1022 2019 apud
1040 1952 1172 2020 Delphos.

187 2037 229 2090 47.
249 2038 282 2092 de
299 2038 406 2092 invidia
424 2044 450 2094 el
468 2038 541 2094 odio.
791 2038 835 2092 69.
855 2039 889 2094 de
908 2038 1013 2094 defectu
1031 2041 1218 2095 oraculorum.

186 2124 229 2178 48.
249 2125 283 2180 de
301 2127 385 2180 unius
401 2127 431 2181 in
450 2143 507 2195 rep.
526 2125 724 2182 dominatione.
794 2126 835 2192 70.
853 2126 1018 2182 amatorius.
1270 2132 1272 2136 ’

170 2213 229 2266 49.
249 2214 392 2269 amatoria
410 2215 593 2270 narrationes.
794 2214 836 2268 71.
855 2214 976 2270 delacio
993 2215 1023 2268 in
1042 2214 1109 2269 orbe
1125 2216 1208 2269 lunae.

186 2301 228 2354 50.
249 2303 415 2370 quaestiones
434 2303 585 2358 naturales.
794 2301 836 2355 72.
855 2303 889 2357 de
907 2302 1013 2371 Pythiae
1031 2303 1160 2358 oraculis.
1261 2375 1263 2379 .

186 2389 228 2441 51.
249 2389 283 2444 de
300 2390 410 2456 placitis
428 2391 529 2459 philos.
548 2392 576 2444 ll.
595 2391 626 2447 V.
698 2450 700 2454 ,
794 2390 836 2444 73.
856 2391 991 2446 adversus
1013 2391 1134 2447 Coloten.

187 2477 228 2530 52.
249 2477 282 2532 de
300 2465 406 2533 uirtute
419 2479 527 2534 morali.
794 2479 836 2531 74.
855 2478 889 2534 de
906 2479 1102 2534 oommunibus
1121 2478 1232 2538 notitiis.

188 2564 228 2618 53.
249 2566 283 2620 de
301 2567 391 2634 p'rimo
409 2565 515 2634 frigido.
671 2583 673 2588 ·
793 2566 836 2621 75.
855 2567 889 2622 de
907 2568 987 2635 genio
1006 2567 1138 2622 Socratis.

91 2661 112 2704 ·.
188 2653 229 2706 54.
249 2654 283 2709 de
294 2654 428 2709 Homero.
606 2640 609 2646 ¹
794 2654 835 2709 76.
855 2654 889 2710 de
906 2655 1038 2710 Herodoti
1049 2653 1234 2722 'malignitate

186 2741 229 2795 55.
248 2742 377 2796 virtutem
396 2742 487 2798 doceri
506 2760 596 2813 posse.
793 2742 835 2796 77.
855 2744 889 2798 de
908 2744 1010 2798 animae
1030 2759 1119 2812 proer.
1137 2743 1167 2797 in
1185 2743 1296 2798 Timaeo.

186 2829 229 2882 56.
249 2829 283 2884 de
301 2830 412 2885 fortuna
430 2831 632 2887 Romanorum.
794 2830 836 2884 78.
855 2832 1040 2900 quastionum
1058 2832 1168 2887 eonviv.
1187 2831 1215 2884 ll.
1234 2831 1278 2885 IX.
