3306 5144
820 430 880 492 132

269 625 466 710 plerumque
500 621 641 706 vestigia
673 622 744 686 veri
776 621 882 686 multo
914 622 1022 705 magis
1056 619 1164 684 deleta
1186 620 1261 684 sint.
1311 620 1433 704 Itaque

269 745 423 810 codicum
451 742 646 808 condicione
676 749 818 820 coactus,
849 742 907 807 ubi
937 742 1103 808 sententia
1129 741 1308 805 manifesto
1341 742 1434 826 flagi-

269 867 371 944 tabat,
416 864 578 929 audacius
615 865 671 928 hic
709 864 746 928 in
785 863 979 929 coniciendo
1012 869 1163 930 versatus
1197 884 1280 926 sum.
1347 862 1434 927 Haec

269 989 414 1068 breviter
435 985 609 1072 praefanda
631 1006 701 1050 esse
725 985 859 1063 credidi,
888 986 956 1050 iam
979 984 1112 1069 singula
1134 1005 1323 1069 persequar.

354 1108 633 1190 κριτικὰς-ἀσιτίας.
698 1107 776 1171 Non
815 1107 886 1170 sine
924 1127 1025 1171 causa
1064 1106 1117 1170 his
1155 1104 1266 1171 verbis
1308 1106 1433 1171 vitium

270 1228 406 1315 aliquod
447 1226 581 1292 subesse
620 1227 776 1292 Reiskius
816 1228 1013 1312 suspicatur,
1058 1228 1153 1292 cuius
1192 1227 1295 1292 verba
1335 1235 1433 1292 sunt:

273 1352 394 1433 tQuare
416 1350 543 1414 ieiunia
565 1355 651 1414 stata
673 1349 762 1413 etin
786 1357 892 1413 certos
915 1349 985 1413 dies
1007 1348 1134 1413 indicta
1155 1349 1294 1430 κριτικὰς
1316 1351 1435 1421 ἀσιτίας

271 1471 489 1558 appellaverit
510 1476 635 1549 auctor,
670 1491 739 1534 uon
772 1469 924 1548 dixerim,
958 1471 1023 1534 nisi
1050 1471 1134 1534 torte
1163 1469 1382 1535 similitudine
1414 1493 1436 1536 a

271 1593 388 1659 diebus
417 1592 610 1657 morborum
647 1591 768 1656 criticis
803 1591 917 1669 ducta3
952 1591 1010 1656 sed
1037 1590 1097 1655 ibi·
1114 1590 1251 1674 quidem
1281 1599 1367 1656 recte
1397 1615 1435 1657 se

270 1715 373 1781 habet
404 1715 477 1778 haec
512 1712 627 1790 dictio;
661 1719 743 1777 tunc
777 1713 866 1778 enim
899 1713 1036 1779 morbus
1069 1715 1211 1794 κρίνεται,
1248 1714 1357 1797 vergit
1388 1715 1435 1778 ad

271 1838 373 1901 finem
396 1842 429 1899 et
453 1855 690 1919 quamcunque
713 1833 850 1900 tandem
872 1835 908 1898 in
925 1841 1069 1919 partem:
1093 1840 1128 1898 at
1148 1834 1184 1896 in
1202 1840 1287 1898 stato
1306 1833 1436 1899 ieiunio

272 1959 424 2023 criticum
441 1955 495 2022 vel
512 1954 732 2020 decretorium
749 1955 835 2020 nihil
846 1958 914 2020 est’.
960 1956 1159 2021 Coniectura
1171 1954 1436 2038 Wyttenbachii,

272 2101 375 2164 quam
397 2079 433 2142 in
456 2077 671 2141 annotatione
694 2077 808 2142 critica
830 2077 1052 2154 commendat,
1075 2078 1110 2139 ἐκ
1127 2077 1277 2159 περιόδου
1294 2086 1438 2161 κριτικῆς

272 2221 408 2265 sensum
440 2198 543 2263 habet
572 2220 641 2262 non
669 2200 776 2283 magis
806 2208 924 2284 aptum
954 2221 1056 2283 quam
1086 2219 1242 2283 perversa
1270 2197 1437 2263 librorum

272 2323 437 2407 scriptura
458 2341 520 2384 nec
542 2319 690 2404 longiore
713 2322 913 2385 refutatione
936 2320 1038 2405 digne
1060 2327 1118 2398 est,
1153 2320 1218 2383 nisi
1245 2321 1328 2386 torte
1357 2321 1438 2405 quis

272 2443 438 2528 explicare
481 2441 600 2526 possit,
650 2441 733 2525 quid
775 2442 817 2506 sit
862 2442 1052 2520 [decretoria
1096 2441 1213 2505 ieiunii
1256 2442 1436 2526 periodus‘.

274 2565 413 2650 Scripsit
445 2563 584 2627 fortasse
617 2563 832 2638 Plutarchus;
876 2565 1062 2645 τεταγμένας
1100 2563 1183 2632 τινὰς
1215 2565 1251 2626 ἐκ
1283 2565 1438 2645 περιόδου

273 2685 497 2768 καθαρτικὰς
536 2685 740 2766 ἐμβάλλοντες
784 2686 912 2754 ἀσιτίαςῑ
958 2683 1126 2769 superiore
1166 2685 1273 2768 capite
1318 2685 1437 2750 alvum

272 2809 402 2874 vomitu
425 2813 457 2871 et
473 2804 726 2869 medicamentis
739 2806 934 2890 εαμιινρανί
951 2805 1066 2882 vetuit,
1089 2805 1153 2869 hoc
1170 2806 1272 2869 etiam
1289 2805 1435 2872 ieiuniis.

357 2928 501 2993 Ibidem:
527 2977 533 2988 .
558 2977 563 2989 .
588 2978 594 2990 .
618 2929 677 2990 οὐκ
700 2929 811 3009 ὀρδῶς
829 2927 884 3009 τὴν
901 2928 995 3010 φύσιν
1013 2928 1057 3009 μὴ
1079 2909 1232 3010 δεομένην
1252 2927 1438 2991 διδάσκουσι

274 3052 395 3114 δεῖσδαι
439 3051 588 3131 συστολῆς
626 3049 679 3112 καὶ
719 3056 817 3111 ποιεῖν
857 3051 1031 3130 ἀναγκαίαν
1068 3049 1123 3130 τὴν
1162 3050 1221 3111 οὐκ
1260 3051 1438 3130 ἀναγκαίαν

273 3173 436 3254 ὑφαίρεσιν
476 3172 511 3232 ἐκ
549 3179 653 3252 καιρῷ
686 3172 878 3252 ζητούμενον
911 3172 987 3240 ἔθος
1020 3171 1204 3232 ἀπαιτοῦντι.
1245 3208 1286 3216 -
1327 3170 1438 3235 Multa

273 3291 411 3377 quidem
440 3291 593 3355 homines
624 3299 753 3355 naturae
783 3291 928 3375 corporis
951 3292 1137 3355 necessarie
1159 3312 1223 3354 usu
1246 3298 1278 3356 et
1300 3313 1437 3356 consue-

273 3413 390 3478 tudine
428 3412 565 3477 reddere
600 3420 756 3498 possunt;
788 3412 845 3476 sed
876 3412 992 3477 docere
1028 3420 1184 3476 naturam
1213 3412 1341 3497 aliquid
1371 3413 1437 3478 sibi

273 3535 303 3620 (i.
334 3557 359 3601 e.
391 3535 530 3618 naturae)
560 3535 785 3599 necessarium
814 3533 951 3599 reddere
984 3535 1068 3599 nihil
1098 3540 1163 3612 est;
1204 3554 1313 3618 neque
1344 3535 1436 3600 enim

274 3664 396 3721 natura
426 3657 571 3742 corporis
601 3656 693 3734 illud,
728 3656 889 3741 quicquid
918 3663 975 3734 est,
1011 3657 1084 3740 ipsa
1119 3656 1183 3720 sibi
1210 3657 1436 3721 necessarium

274 3779 382 3842 facere
399 3784 517 3862 potest,
536 3778 565 3840 si
583 3777 720 3861 quidem
737 3799 806 3841 nen
823 3778 896 3863 ipsa
913 3799 947 3841 se
961 3778 1053 3861 regit.
1101 3778 1168 3843 Vix
1182 3777 1332 3855 dubium,
1351 3779 1439 3860 quin

275 3896 489 3963 scribendum
523 3900 566 3963 sit
598 3901 651 3962 καὶ
683 3906 847 3963 ποιοῦσιν
880 3901 1053 3980 ἀναγκαίαν
1085 3901 1140 3982 τὴν
1173 3901 1232 3963 οὐκ
1263 3901 1439 3981 ἀναγκαίαν

274 4022 445 4104 ὑφαίρεσιν.
491 4019 621 4084 Vitium
643 4021 782 4084 fortasse
805 4019 882 4084 inde
904 4027 1015 4085 ortum
1032 4025 1090 4097 est,
1114 4019 1205 4102 quod
1224 4021 1299 4085 duae
1317 4020 1439 4087 litterae

274 4142 405 4206 incuria
437 4140 567 4204 omissae
601 4147 680 4205 sunt
714 4141 904 4225 (HOICIN,
935 4141 1024 4205 1101
1030 4139 1210 4224 OYCIN).
1260 4144 1347 4209 Leve
1380 4143 1439 4210 hic

276 4271 423 4328 erratum
452 4269 485 4326 et
512 4262 607 4326 lacile
636 4262 679 4326 ad
709 4263 953 4348 corrigendum,
983 4261 1170 4344 graviorem
1198 4285 1276 4329 vero
1305 4286 1441 4350 corrup-

276 4385 377 4449 telam
395 4392 543 4449 extrema
559 4383 615 4447 illa
626 4385 854 4448 ε’ν-ἀπαιτοῦντι
866 4388 1021 4466 arguunt.
1068 4381 1159 4457 Quid
1176 4391 1226 4449 est
1244 4388 1440 4470 ζητούμενον
