3282 5146
689 472 731 538 39

131 667 282 745 bachius,
313 685 391 732 cum
419 663 579 730 traditam
607 663 808 749 scripturam
836 669 876 729 ut
896 639 1015 730 sanam
1036 664 1124 730 tueri
1145 669 1294 752 conatur,

132 791 171 854 in
193 808 339 854 errorem
360 808 430 852 non
451 785 565 850 minus
586 805 725 870 gravem
747 783 875 864 incidit,
898 786 1024 871 quippe
1040 785 1101 870 qui
1111 784 1230 850 Latine
1247 785 1294 850 sic

133 911 384 995 interpretetur:
422 927 550 992 »neque
578 912 686 992 poetae
713 906 980 972 succensendum
1001 910 1061 972 aut
1081 906 1295 973 irascendum

131 1030 280 1110 estred
308 1030 350 1094 iis
379 1049 455 1114 que
484 1027 634 1094 moribus
663 1028 857 1114 personisve
888 1026 1137 1094 accommodate
1170 1033 1204 1093 et
1235 1048 1295 1113 per

129 1153 244 1219 iocum
273 1151 363 1217 dicta
391 1155 506 1229 sunt«;
540 1146 676 1214 auditur
707 1149 811 1234 igitur
842 1150 879 1214 in
907 1149 1083 1236 postremis
1112 1149 1223 1216 verbis
1252 1170 1295 1215 ex

131 1271 360 1359 superioribus
389 1271 604 1357 participium
625 1272 873 1353 χαλεπαίνοντας.
918 1270 1035 1356 Specie
1061 1270 1200 1356 quidem
1221 1271 1293 1336 haec

131 1397 212 1461 satis
241 1393 382 1480 pulchra
411 1398 499 1471 sunt,
533 1412 568 1457 re
595 1392 719 1477 inepta,
749 1393 778 1458 si
806 1392 945 1477 quidem
973 1392 1173 1458 Plutarchus
1200 1393 1293 1458 nullo

130 1515 233 1582 modo
255 1514 347 1581 credi
366 1519 476 1600 potest
492 1519 668 1599 poetarum
683 1512 862 1579 lectoribus
879 1518 950 1579 tam
965 1513 1146 1581 ridiculum
1162 1513 1293 1584 dedisse

127 1637 324 1715 consilium,
358 1642 397 1701 ut
424 1633 536 1701 verbis
564 1633 800 1700 innocentibus
829 1636 1066 1715 irascerentur,
1100 1635 1292 1702 auctoribus

131 1780 249 1825 eorum
269 1759 496 1843 ignoscerent;
525 1756 593 1821 huc
623 1755 760 1842 accedit,
791 1756 891 1841 quod,
922 1762 961 1822 ut
981 1757 1069 1823 hanc
1091 1758 1292 1823 sententiam

129 1881 270 1946 minime
293 1877 505 1945 commodam
526 1877 645 1956 eliciat,
668 1882 799 1943 textum
820 1877 959 1944 licenter
975 1879 1187 1965 interpretari
1203 1885 1236 1944 et
1254 1885 1293 1944 ut

127 2004 176 2068 ita
198 2002 309 2067 dicam
328 2000 447 2066 civim
465 2000 574 2064 tacere
593 1999 736 2083 cogitur;
760 2021 841 2064 nam
859 2021 938 2065 cum
954 1999 1160 2085 intellegeret
1171 2021 1291 2086 parum

128 2128 205 2209 apte
218 2121 374 2207 componi
392 2122 425 2184 ἓν
441 2122 513 2203 ἤθει
529 2125 563 2185 et
579 2120 656 2202 μετὰ
673 2121 807 2194 παιδιᾶς,
829 2122 927 2206 quasi
943 2127 1059 2207 poetae,
1079 2142 1157 2187 cum
1168 2121 1290 2187 tradito

127 2265 220 2310 more
231 2242 254 2327 ¹)
276 2241 405 2327 aliquid
426 2248 610 2372 narrarenty
633 2241 669 2306 id
690 2263 750 2327 per
771 2243 883 2307 iocum
901 2243 1049 2308 lacerent
1067 2249 1169 2328 atque
1185 2244 1290 2308 risum

84 2349 87 2356 ⁴
128 2385 263 2431 movere
285 2362 467 2442 studerent,
490 2363 644 2454 finxitrtr
666 2364 739 2447 ἤθει
759 2364 912 2447 λεγόμενα
930 2363 1021 2430 idem
1037 2385 1108 2429 esse
1125 2364 1291 2462 afflitlt

126 2485 277 2567 moribus
299 2505 450 2572 personae
470 2484 763 2576 accommodata«.⁸
809 2484 875 2551 Sed
904 2506 1014 2571 neque
1042 2491 1139 2552 vetus
1167 2487 1290 2552 horum

127 2607 308 2676 verborum
324 2606 554 2692 interpretatio
572 2604 718 2674 bicvera
729 2612 787 2686 est,
806 2627 917 2693 neque
929 2607 1288 2692 novaWyttenbachii,

96 2791 101 2807 ,
125 2749 202 2815 quae
224 2727 400 2826 infeliciter
421 2729 462 2792 iis
480 2727 562 2812 ipsis
581 2726 661 2793 locis
680 2728 850 2807 refellitur,
873 2749 957 2813 quos
974 2728 1018 2794 ad
1034 2750 1109 2794 eam
1126 2729 1288 2794 tuendam

125 2850 350 2935 comparavit;
373 2854 453 2914 sunt
474 2852 588 2912 autem
604 2849 655 2914 hi:
678 2849 765 2914 Plut.
789 2850 839 2914 De
856 2849 1028 2917 adulatore
1045 2857 1079 2916 et
1095 2852 1203 2916 amico
1215 2872 1285 2937 cap.

126 2970 280 3037 XXXVI
302 2968 344 3054 (p.
368 2973 408 3037 73
428 2969 470 3054 e):
501 2970 534 3032 ἐν
555 2970 628 3052 ἤθει
648 2971 702 3033 καὶ
723 2972 787 3053 μετ’
811 2972 934 3043 εὐνοίας
960 2974 1197 3056 προσφέρεσθαι
1225 2980 1288 3045 τοῖς

128 3093 341 3174 ἁμαρτάνουσι
374 3096 407 3156 οι
434 3090 531 3175 mog.
561 3089 669 3156 nasa.
694 3091 752 3170 vt,
781 3096 822 3159 ro
850 3092 892 3158 se
914 3045 1128 3196 lthsaene:
1172 3094 1286 3159 nom.

127 3219 196 3284 κοῖς
218 3213 278 3295 γὰρ
299 3213 470 3282 νεανίσκοις
491 3212 571 3276 κατὰ
588 3212 680 3283 κλέος
699 3213 895 3296 Σωκράτους
915 3217 1099 3298 ἀφιγμένοις
1112 3217 1288 3300 περιτυχὼν

128 3336 289 3417 ἀπήγαγεν
310 3333 424 3403 αὐτοὺς
444 3332 526 3416 πρὸς
546 3332 600 3397 τὸν
608 3333 738 3398 Ἄνυτον
759 3336 860 3418 λέγων
878 3337 912 3399 ἐν
926 3338 998 3420 ἤθει
1013 3339 1197 3421 σοφώτερον
1212 3338 1288 3403 εἶναι

126 3456 331 3537 Σωκράτους.
343 3453 367 3537 2)
409 3453 481 3518 illic
510 3454 604 3519 enim-
623 3456 656 3518 tv
677 3457 750 3538 ἤθει
771 3456 972 3522 vertendum
993 3464 1044 3522 est
1069 3459 1241 3524 »comiter«
1253 3459 1286 3543 3),

126 3577 181 3641 hic
214 3575 374 3640 »ironice«
406 3575 461 3641 vel
493 3595 570 3660 »per
598 3575 746 3656 iocum«;
782 3598 891 3662 neque
915 3578 1195 3663 Wyttenbachius
1223 3580 1287 3668 hoc

126 3719 195 3763 non
221 3695 394 3780 intellegit,
428 3695 487 3760 sed
517 3701 556 3760 ut
583 3703 634 3762 est
661 3698 698 3762 in
725 3698 1025 3783 significationibus
1046 3679 1287 3766 vocabulorum

126 3817 352 3906 disceptandis
370 3816 487 3882 iudicii
504 3838 625 3902 parum
641 3819 740 3898 acuti,
759 3819 854 3884 miris
870 3819 1069 3904 ambagibus
1086 3821 1122 3885 in
1138 3822 1287 3888 animad-

155 4103 175 4168 1)
194 4105 239 4160 Sic
258 4103 573 4176 anteWyttenbachium
587 4107 657 4162 illud
670 4102 700 4156 ἐν
714 4097 779 4171 ἤθει
793 4110 877 4176 vulgo
887 4125 999 4164 versum
1014 4113 1040 4165 et
1052 4109 1222 4165 intellectum
1237 4114 1285 4166 est.

154 4189 174 4255 ²)
193 4194 313 4248 Tertium
336 4195 496 4262 exemplum
521 4194 557 4250 ab
580 4196 700 4250 Isocrate
718 4194 758 4256 (V,
778 4194 812 4249 26
831 4197 874 4251 vel
892 4195 965 4259 87d)
990 4201 1140 4266 sumptum,
1163 4197 1211 4251 ubi
1229 4214 1287 4253 non

196 4276 225 4328 ἕν
241 4271 307 4344 ἤθει
323 4281 372 4339 sed
391 4281 550 4350 simpliciter
568 4271 640 4346 ἦθοε
658 4286 757 4349 exstat,
777 4287 807 4338 ut
823 4284 878 4338 huc
891 4301 948 4340 non
962 4286 1111 4354 pertinens,
1126 4283 1286 4340 omittimus.

154 4364 175 4433 ³)
193 4368 290 4436 Comp.
313 4384 374 4437 que
398 4369 432 4423 de
455 4369 509 4425 hac
528 4370 727 4437 significatione
745 4371 830 4426 huius
848 4373 961 4440 phrasis
977 4373 1039 4441 ipse
1058 4371 1287 4441 Wyttenbachius

195 4455 224 4509 in
244 4455 385 4512 animadv.
405 4456 486 4524 adp.
504 4456 567 4512 och
586 4458 665 4514 docte
683 4464 709 4513 et
727 4459 839 4528 copiose
856 4460 993 4517 disseruit.
