3306 5144
899 439 959 503 118

344 633 454 705 αἰῶνα,
485 597 666 715 utrumque
689 630 840 695 eiusdem
861 631 930 696 iere
953 630 1206 716 magnitudinis,
1231 652 1309 696 oum
1329 630 1412 696 alter
1436 634 1506 707 156,

344 751 428 817 alter
456 755 516 818 165
546 752 672 817 litteras
701 752 879 831 contineat,
914 774 982 818 non
1012 752 1085 818 illos
1107 751 1245 837 quidem
1266 755 1507 838 permutandos

344 894 424 951 esse,
452 872 511 938 sed
532 873 678 958 priorem
700 894 778 938 cum
800 872 971 958 Madvigio
993 880 1069 959 post
1089 875 1281 956 κακουχίαις,
1304 873 1448 938 alterum
1470 874 1506 936 in

344 995 463 1080 prioris
496 993 608 1059 locum
640 1001 716 1080 post
748 995 1001 1079 ἐπακολούθησιν
1028 995 1224 1081 ponendum
1253 1017 1332 1060 esse.
1399 993 1506 1060 Credo

343 1116 431 1181 hanc
464 1116 686 1202 corruptelam
720 1137 790 1181 non
822 1116 997 1181 fortuitam
1030 1138 1100 1182 esse
1134 1116 1192 1182 sed
1225 1116 1337 1182 deberi
1370 1116 1507 1181 librario

293 1214 304 1273 ·'
344 1236 454 1315 alicui,
484 1239 544 1322 qui
571 1238 608 1304 in
638 1258 677 1302 eo
705 1207 855 1316 offendit,
882 1237 973 1322 quod
995 1238 1052 1302 illa
1072 1237 1154 1321 πρὸς
1175 1240 1293 1308 πάντας
1314 1238 1354 1320 δὴ
1376 1239 1508 1308 τούτους

344 1357 416 1428 τοὺς
444 1360 603 1430 θανάτους
631 1360 694 1422 κτλ.
724 1359 761 1423 in
790 1359 840 1437 iis,
871 1381 947 1443 quae
970 1360 1120 1445 proxime
1143 1359 1386 1438 antecederent,
1421 1358 1508 1424 nihil

342 1478 514 1558 haberent,
543 1501 610 1565 quo
640 1482 850 1546 referrentur.
906 1480 1057 1566 Adeptus
1085 1487 1143 1559 est,
1172 1480 1264 1565 quod
1286 1481 1393 1547 voluit
1415 1481 1507 1565 (nam

343 1606 453 1667 statuo
481 1601 706 1686 suspicionem
738 1623 849 1668 meam
876 1623 992 1668 veram
1019 1602 1109 1686 esse),
1138 1623 1259 1688 parum
1288 1602 1342 1667 ille
1373 1623 1506 1681 curans,

342 1721 406 1787 hoc
429 1743 499 1787 esse
522 1722 650 1788 malum
669 1723 765 1809 peius
783 1723 929 1789 reddere.
975 1725 1103 1790 Verum
1122 1725 1215 1809 prius
1234 1746 1337 1809 quam
1354 1723 1505 1802 ostendo,

343 1843 512 1927 quomodo
550 1851 637 1910 recte
669 1844 752 1912 vitio
784 1846 962 1911 manifesto
995 1845 1121 1911 mederi
1155 1844 1307 1910 debuerit
1338 1844 1506 1923 librarius

343 1965 514 2048 superiora
535 1966 636 2050 paulo
658 1967 847 2031 accuratius
869 1967 1110 2045 examinemus,
1141 1966 1189 2031 ibi
1211 1967 1311 2045 enim,
1340 1967 1376 2031 ni
1397 1967 1506 2045 fallor,

344 2085 521 2170 explicatio
528 2089 732 2180 Aenigmatis
764 2088 853 2153 latet.
920 2089 1042 2154 Statim
1074 2094 1222 2174 apparet,
1256 2088 1351 2153 initio
1385 2089 1506 2174 capitis

341 2207 500 2272 tricesimi
543 2210 650 2307 primi*
683 2231 839 2276 mancam
872 2211 1073 2275 sententiam
1106 2210 1235 2275 lacunae
1278 2211 1506 2295 suspicionem

341 2345 492 2394 movere:
516 2331 684 2416 exagitate
701 2331 916 2416 perversitate
928 2331 1106 2396 hominum
1118 2331 1359 2396 omniamortis
1370 2353 1505 2416 genera,

341 2470 418 2534 quae
440 2449 584 2517 breviter
605 2431 808 2537 perstringit,
838 2454 1061 2537 querentium,
1090 2459 1298 2538 postremum
1324 2460 1410 2518 τιᾶοα
1436 2456 1506 2538 γὰρ,

341 2571 461 2656 inquit,
483 2573 642 2656 πρόφασις
664 2574 755 2656 ἱκανὴ
777 2575 859 2657 πρὸς
879 2575 915 2638 τὸ
936 2575 991 2646 τὰς
1012 2575 1175 2646 λύπας...
1195 2577 1385 2657 συνεγείρειν.
1432 2576 1506 2640 Iam

341 2693 472 2758 etiamsi
490 2715 560 2759 non
578 2694 757 2759 subditicia
768 2695 835 2759 sint
844 2697 1019 2779 sequentia
1030 2695 1133 2761 verba
1149 2703 1243 2759 ταῦτα
1260 2697 1506 2779 δ’ἕκίνηοαν-ἐπὶ

341 2816 503 2889 κτεάτεσσι,
526 2822 565 2880 ut
586 2816 670 2880 mihi
692 2837 890 2902 persuasum
912 2817 1002 2901 est1),
1026 2818 1187 2902 quoniam
1205 2839 1340 2903 prorsus
1358 2819 1504 2903 speciem

341 2934 549 3020 glossematis
579 2959 599 3002 a
626 2938 746 3003 lectore
774 2939 810 3002 in
832 2939 983 3023 margine
1005 2938 1165 3024 adscripti
1187 2960 1255 3023 prae
1278 2960 1313 3003 se
1335 2940 1451 3004 lerunt
1473 2947 1506 3004 et

340 3077 457 3122 versus
474 3057 602 3123 laudati
619 3080 696 3124 cum
714 3060 888 3138 sententia,
909 3080 1012 3144 quam
1030 3060 1205 3145 profitetur
1215 3061 1364 3145 scriptor,
1381 3081 1504 3145 parum

342 3179 556 3258 conveniunt,
587 3181 615 3244 si
644 3180 782 3265 quidem
804 3201 844 3246 eo
866 3180 976 3246 iudice
999 3188 1093 3266 pater
1115 3181 1170 3246 ille
1192 3181 1393 3247 Homericus
1415 3189 1504 3248 certe

340 3299 465 3364 iniuria
508 3307 651 3366 mortem
693 3301 752 3367 filii
786 3302 934 3386 deflet⁹);
969 3302 1027 3368 sed
1060 3303 1200 3381 etiamsi,
1240 3309 1277 3367 ut
1310 3303 1390 3381 dixi,
1431 3304 1505 3370 haeo

340 3421 489 3505 genuina
511 3423 592 3501 sint,
616 3422 784 3508 quomodo
807 3423 945 3488 tandem
967 3424 1007 3490 iis
1030 3431 1106 3510 apte
1128 3424 1269 3508 adiungi
1290 3431 1432 3510 possunt
1454 3446 1504 3502 ea,

340 3563 417 3626 quae
439 3551 642 3629 sequuntur:
672 3547 715 3616 τίς
744 3546 804 3629 γὰρ
826 3545 910 3610 οἶδεν
932 3547 1020 3611 nrt?
1063 3547 1135 3631 Ego
1165 3567 1233 3611 non
1263 3545 1419 3630 intellego
1442 3567 1504 3612 nec

341 3662 438 3729 credo
471 3688 679 3751 quemquam
711 3667 824 3733 alium.
880 3667 947 3732 Hio
980 3669 1154 3738 sententiae
1186 3668 1299 3731 hiatus
1332 3667 1504 3752 aptissime

341 3784 493 3868 expletur
529 3788 780 3872 transponendo
819 3790 887 3854 huc
928 3790 1069 3854 circuitu
1108 3789 1164 3854 illo
1204 3787 1383 3855 verborum
1422 3788 1506 3872 πρὸς

377 4069 397 4134 ¹)
417 4072 512 4142 Comp.
532 4075 661 4130 Hercheri
680 4083 773 4133 annot.
795 4079 831 4133 ad
849 4095 876 4147 p.
898 4077 976 4133 naa
992 4079 1021 4133 in
1040 4079 1148 4132 Hermae
1167 4079 1220 4131 vol.
1240 4077 1276 4131 XI
1294 4093 1320 4144 p.
1340 4075 1399 4128 230.

377 4157 398 4224 ²)
417 4161 624 4230 Peropportune
635 4164 715 4220 video
728 4183 836 4222 mecum
849 4167 940 4221 facere
952 4166 1166 4234 sagacissimum
1180 4165 1304 4218 arideum
1317 4164 1504 4222 Maziriaoum.

418 4249 463 4316 qui
482 4249 693 4318 wyttenbachio
715 4258 783 4310 teste
807 4253 842 4308 ad
867 4255 894 4308 h.
914 4255 931 4308 l.
962 4253 1106 4309 annotavit
1134 4245 1189 4301 ἀπό
1216 4247 1315 4301 τούτου
1342 4247 1392 4301 τοῦ
1419 4246 1504 4303 τόπου

418 4336 531 4398 (scilicet
553 4331 645 4401 6ταῦτα
664 4332 841 4405 δ’ἑκίνηοαν’)
859 4336 942 4405 μέχρι
965 4335 1014 4390 τοῦ
1032 4333 1127 4390 τέλους
1155 4337 1222 4401 (scil.
1242 4340 1341 4407 capitis
1367 4339 1451 4400 XXX)
1475 4335 1506 4388 οὗ

418 4417 495 4474 δοκεῖ
512 4443 562 4490 μοι
581 4415 657 4487 ὅζειν
676 4423 867 4492 Πλουτάρχου.
