3306 5144
718 453 774 514 131

158 633 195 726 p.
222 641 285 708 131
291 642 325 729 f
341 643 429 726 (cap.
455 642 613 722 XVIII).
658 632 664 650 ¹

250 765 303 826 καὶ
326 764 386 846 γὰρ
409 764 505 834 εὐθὺς
528 764 654 846 αψόάρα
676 765 730 826 καί
748 766 932 846 βαρύνουσι,
954 765 1007 826 καί
1025 765 1174 846 λείψανον
1190 765 1329 846 εἰσαῦθις

163 885 307 966 πονηρὸν
330 886 382 947 ἀπ’
407 887 513 948 αὐτῶν
535 887 717 968 παραμένει.

251 1005 359 1070 Locus
386 1029 454 1071 non
485 1006 556 1070 sine
584 1028 685 1070 causa
713 1005 938 1091 suspicionem
966 1007 1073 1072 movit
1100 1006 1245 1084 Reiskic,
1275 1007 1330 1070 cui

164 1127 202 1189 in
232 1128 330 1198 εὐθύς
357 1126 498 1192 verbum
529 1128 690 1210 ἐνοχλοῦσι
712 1127 813 1192 latere
836 1128 947 1193 visum
970 1134 1027 1192 est.
1079 1128 1207 1194 Verum
1235 1129 1332 1198 εὐθύς

163 1269 287 1312 sanum
321 1255 372 1312 est
399 1257 432 1314 et
459 1250 538 1312 satis
570 1248 760 1314 defenditur
793 1248 945 1334 sequenti
980 1250 1126 1320 εἰσαῦθις.
1183 1249 1332 1314 Offendit

162 1371 237 1433 sine
260 1368 363 1435 dubio
385 1371 497 1436 virum
520 1370 782 1453 sagacissimuma
806 1370 897 1454 qued
923 1371 1122 1436 adverbium
1145 1371 1279 1453 occupa,
1303 1371 1332 1435 si

139 1500 143 1510 ¹
161 1489 288 1554 tradita
308 1492 474 1576 scriptura
494 1491 643 1575 genuina
660 1501 754 1568 esset,
778 1493 879 1556 etiam
896 1492 940 1556 ad
957 1493 1099 1557 alterum
1116 1493 1330 1556 enuntiatum

160 1613 217 1674 καί
239 1613 389 1694 λείψανον
410 1614 659 1694 ...παραμένει
681 1612 884 1677 trahendum
908 1621 1001 1678 essct.
1048 1613 1130 1678 Haec
1153 1613 1330 1678 difficultas

160 1731 292 1797 tollitur
310 1732 485 1799 scribendo
502 1735 556 1796 καί
574 1734 633 1815 γὰρ
650 1734 748 1804 εὐθὺς
767 1736 893 1818 αψόάρα
909 1737 1090 1817 βαρύνουσι,
1107 1736 1161 1798 καί
1177 1735 1325 1817 λείψανον

159 1856 303 1925 εἰσαῦθις
325 1855 466 1938 πονηρὸν
489 1857 540 1918 ἀπ’
566 1857 670 1918 αὐτῶν
692 1859 872 1938 παραμένει.

155 2266 192 2328 ρ.
218 2244 285 2310 134
298 2243 383 2310 d-e
402 2245 490 2329 (cap.
515 2246 651 2327 XXII).

246 2366 319 2435 τοὺς
350 2367 409 2448 μὲν
442 2368 571 2448 ἐμέτους
604 2417 610 2428 .
645 2417 651 2429 .
687 2416 692 2428 .
734 2369 809 2431 ὅσον
842 2368 980 2448 ἀπεψίαν
1013 2369 1159 2449 ἐκφυγεῖν
1192 2367 1326 2431 αὐτόθεν

155 2489 308 2569 ἀφιέντας
330 2489 547 2570 ἀπραγμόνως
571 2497 616 2570 τῷ
638 2489 837 2562 πλεονάζοντι
858 2488 913 2570 τὴν
936 2489 1094 2570 ἀπέρασιν.

246 2608 331 2672 Cum
354 2609 503 2691 ἀπέρασις
520 2609 686 2693 significet
704 2611 870 2674 actionem
889 2609 1090 2674 excernendi
1108 2609 1159 2692 (cf.
1178 2609 1327 2694 Wytten-

155 2729 273 2794 bachii
295 2729 466 2794 animadv.
491 2730 532 2794 ad
555 2731 587 2795 h.
612 2731 653 2816 i),
682 2731 897 2816 participium
920 2733 1066 2814 ἀφιέντας
1092 2730 1172 2795 hinc
1201 2730 1329 2795 alienis-

157 2851 288 2915 simum
316 2857 378 2930 est;
409 2873 490 2916 nam
518 2852 600 2936 quid
630 2853 673 2916 sit
704 2855 877 2933 ‘actionem
907 2852 1109 2917 excernendi
1139 2852 1325 2930 dimittere,

157 2973 221 3038 vix
244 2973 425 3057 quisquam
447 2973 636 3058 explicabit.
682 2973 942 3038 Restituendum
964 2973 1008 3052 id,
1032 2973 1123 3058 qued
1141 2974 1326 3038 necessario

157 3095 292 3179 flagitat
315 3096 489 3172 sententia,
513 3097 661 3177 ἐφιέντος.
701 3096 788 3180 Apte
810 3095 984 3180 Xylander
1006 3095 1124 3159 Latine
1146 3095 1258 3159 lecum
1280 3097 1326 3159 sic

157 3217 280 3282 vertit:
308 3268 323 3295 ι.
349 3267 355 3280 .
381 3268 386 3279 .
411 3216 461 3293 iis,
486 3238 561 3300 quae
584 3216 784 3295 redundant,
809 3224 925 3302 sponte
949 3239 1010 3280 sua
1032 3217 1221 3302 pergulam
1239 3217 1326 3280 foras

158 3337 326 3402 redeundi
349 3337 573 3422 permittenda
596 3337 768 3402 cruditatis
791 3337 937 3402 vitandae
961 3359 1061 3402 causa
1083 3339 1242 3402 facultas'.

151 3721 192 3785 p.
217 3699 284 3765 134
289 3699 453 3786 s—135a
476 3699 563 3783 (ccp.
589 3699 745 3779 XXIII).

248 3821 342 3884 Bona
381 3841 458 3905 pars
492 3821 593 3883 huius
624 3805 745 3904 ¹capitis
777 3819 943 3904 imprimis
975 3819 1162 3884 mineribus
1195 3819 1323 3884 lacunis

158 3943 282 4006 misere
317 3941 459 4006 lacerata
494 3949 551 4018 est,
587 3940 644 4004 sed
685 3942 786 4005 etiam
824 3941 897 4004 aliis
937 3941 1026 4007 vitiis
1065 3943 1321 4020 contaminatur,

159 4071 200 4127 ut
234 4062 330 4127 valde
371 4063 531 4140 dubitem,
573 4084 616 4126 an
657 4063 728 4127 sine
762 4083 927 4128 novorum
965 4061 1131 4126 bonerum
1170 4062 1322 4127 codicum

159 4184 288 4248 auxilio
311 4183 467 4248 omnibus
490 4184 570 4248 Iocis
592 4185 741 4267 genuina
758 4184 922 4267 scriptura
939 4183 1107 4247 enucleari
1123 4207 1192 4248 nen
1209 4185 1320 4270 possit.

160 4303 331 4370 Videntur
358 4306 448 4368 enim
476 4304 612 4383 librarii,
641 4304 699 4368 ubi
722 4305 942 4388 archetypum
963 4304 1052 4368 lectu
1075 4305 1241 4369 difficilius
1263 4312 1323 4369 aut

159 4425 321 4490 mutilum
350 4433 429 4504 erat,
458 4426 626 4491 interdum
657 4425 700 4490 ad
730 4426 936 4490 coniecturas
966 4428 1163 4512 confugisse,
1199 4425 1321 4511 quibus

1080 4552 1108 4604 9.
