3282 5146
872 449 914 514 46

314 644 406 709 omni
427 642 555 729 reliquo
578 642 769 708 discrimine
791 641 878 706 inter
896 639 958 704 has
974 639 1127 704 notiones
1143 637 1304 724 neglecto)
1327 646 1359 704 et
1375 639 1483 706 bonae

313 767 413 830 lamae
442 773 476 829 et
504 765 662 849 potentiae
691 785 817 861 nomen
844 761 963 828 virtuti
990 759 1159 826 indidisse.
1204 759 1322 844 Neque
1344 759 1483 840 dubitn,

314 888 399 972 quin
420 886 522 951 etiam
543 884 608 950 alio
630 885 702 950 loco
713 885 885 951 Plutarchi
896 884 1032 969 (Quaest.
1046 903 1152 968 symp.
1165 882 1207 960 II,
1219 885 1249 959 3,
1264 885 1297 960 1;
1315 904 1347 967 p.
1360 885 1422 950 635
1433 883 1483 966 e),

315 1029 417 1094 quem
438 1013 477 1071 ut
499 1006 711 1092 desperatum
733 1013 766 1072 et
797 1007 917 1072 misere
945 1004 1075 1070 lacunis
1103 1003 1277 1069 foedatum
1305 1004 1342 1068 in
1370 1003 1484 1068 anim-

315 1127 569 1196 adversionibus
602 1129 808 1214 comparavit
840 1125 1128 1212 Wyttenbachius‚
1157 1119 1281 1191 eadem
1307 1124 1483 1190 medicina

315 1249 508 1318 adhibenda
529 1250 580 1327 sit,
603 1255 642 1314 ut
652 1250 830 1316 scribatur:
860 1250 915 1322 Ἐξ
931 1249 1076 1312 ἐνυπνίου
1098 1246 1179 1317 τινὸς
1201 1247 1376 1330 ἀπειχόμην
1397 1249 1483 1328 ᾠῶν

315 1372 414 1438 πολὺν
425 1373 486 1455 ἤδη
498 1371 622 1455 χρόνον,
639 1371 732 1436 οὐδὲν
742 1372 829 1456 παρά
843 1378 935 1435 τοῦτο
949 1371 1138 1452 ποιούμενος
1153 1368 1183 1452 (i.
1196 1389 1223 1433 e.
1240 1388 1318 1432 oum
1330 1366 1485 1432 studiose

317 1493 483 1580 cuperem)
506 1495 539 1558 ἒν
565 1494 625 1575 ᾠῷ
652 1495 800 1576 καθάπερ
823 1495 856 1557 ἕν
877 1493 962 1574 Καρὶ
984 1492 1145 1573 διάπειραν
1166 1491 1279 1572 λαβεῖν.
1291 1495 1346 1571 τῆς
1368 1489 1485 1570 ὅψεως

317 1618 458 1699 ἐναργῶς
479 1640 534 1698 μοι
548 1615 697 1685 πολλάκις
712 1615 889 1697 γενομένης.
926 1612 1080 1696 Denique
1096 1610 1202 1676 obiter
1217 1629 1483 1674 commemoran-

318 1737 400 1802 dum
428 1737 561 1801 hiatum
589 1735 828 1820 περιποιεῖταιδ),
858 1735 951 1798 οὐδὲν
972 1734 1058 1816 παρὰ
1080 1739 1172 1796 τοῦτο
1198 1730 1328 1796 nullam
1354 1729 1482 1796 habere

318 1858 538 1924 offensionem
560 1862 695 1942 propter
716 1854 1064 1942 interpunctionem).

313 2080 350 2146 p.
373 2058 451 2126 28α
473 2057 562 2142 (cap.
595 2057 706 2141 VIII).

403 2179 546 2261 τοιαύτην
574 2180 608 2243 δὲ
637 2178 690 2242 καὶ
717 2187 755 2262 τῇ
780 2179 886 2262 Ἑλένη
916 2180 1093 2262 παρρησίαν
1114 2177 1193 2240 κατὰ
1215 2183 1269 2260 τῆς
1288 2177 1425 2260 Ἑκάβης
1447 2179 1486 2240 ἕν

318 2308 384 2373 ταῖς
397 2303 522 2384 Τρωάσι
540 2301 668 2365 δίδωσιν
686 2300 717 2384 (ὁ
727 2299 926 2384 Εὐριπίδης),
944 2301 1072 2383 οἰομένη
1085 2301 1148 2362 δεῖν
1160 2301 1280 2383 ἐκείνην
1290 2300 1485 2374 κολάζεσθαι

319 2425 439 2507 μᾶλλον
461 2425 506 2487 ὅτι
527 2423 641 2506 μοιχὸν
663 2424 758 2505 αὐτῆς
780 2425 871 2486 ἔτεκε.

406 2546 480 2609 Hoc
513 2544 627 2609 Graece
659 2543 726 2608 dici
758 2564 868 2629 posse,
903 2550 941 2607 ut
972 2542 1008 2607 id
1040 2541 1266 2626 intellegatur,
1301 2542 1392 2627 quod
1424 2543 1483 2608 hic
1520 2625 1537 2681 l

194 2711 261 2724 ...„
322 2667 499 2731 manifesto
511 2665 676 2731 sententia
692 2666 829 2750 flagitat,
847 2664 1055 2749 negaverim
1078 2663 1211 2729 dativus
1225 2661 1328 2747 (αὐτῇ)
1340 2664 1484 2730 fortasse
1498 2671 1564 2774 a.)
1587 2635 1601 2714 θ

321 2789 400 2854 lerri
432 2789 556 2874 potuit;
586 2808 704 2853 verum
737 2787 891 2871 genetivo
924 2787 1032 2871 posito
1065 2784 1225 2850 articulus
1258 2790 1335 2850 ante
1367 2772 1515 2868 μοιχόν’

322 2910 436 2976 abesse
466 2932 535 2975 non
564 2915 688 2996 potest;
719 2909 813 2973 aliter
842 2909 878 2972 in
906 2909 1033 2973 incerto
1054 2907 1306 2991 relinqueretur,
1337 2927 1483 2992 ancum
1616 2969 1617 3016 η

323 3031 475 3116 pluribus
497 3037 666 3117 peccasset
683 3031 823 3095 Helena.
858 3029 997 3115 Scripsit
1018 3034 1105 3094 certe
1123 3028 1327 3092 Plutarchus
1349 3029 1394 3092 ὅτι
1415 3027 1482 3092 τὸν
1616 3017 1617 3054 l

322 3152 436 3235 μοιχὸν
458 3154 555 3235 αὐτῆς
574 3155 665 3225 ἔτεκε,
688 3152 709 3216 i.
735 3173 760 3216 e.
785 3150 876 3236 quod
898 3155 1082 3226 amatorem
1101 3171 1201 3214 suum
1223 3149 1397 3234 pepererit.

320 3356 355 3420 p.
378 3333 458 3402 ace
479 3334 568 3420 (cap.
593 3332 655 3418 X).

403 3456 489 3520 Ἐπεὶ
502 3457 536 3520 δὲ
559 3506 565 3519 .
590 3505 596 3518 .
620 3505 625 3518 .
649 3456 681 3518 ἐν
703 3461 848 3538 ποιητικῇ
866 3454 944 3528 λέξει
960 3453 1013 3516 καὶ
1029 3452 1211 3534 μυθεύμασι
1227 3453 1484 3534 περικεχυμένοις

324 3571 423 3643 πολλὰ
447 3579 605 3661 διαφεύγει
627 3575 680 3641 τὸν
702 3577 774 3641 νέον
790 3576 935 3659 ὠφέλιμα
957 3575 1010 3638 καὶ
1031 3575 1169 3656 χρήσιμα
1193 3573 1256 3655 (δεῖ
1274 3573 1309 3636 δὲ
1330 3579 1420 3636 τοῦτο
1438 3575 1486 3657 μὴ

325 3703 453 3782 πάσχειν
490 3700 564 3783 μηδ’
600 3699 843 3763 ἀποπλανᾶσθαι
874 3702 938 3760 τῶν
969 3697 1173 3778 πραγμάτων,
1207 3693 1270 3756 ἀλλ’
1306 3695 1484 3777 ἐμφύεσθαι

325 3821 455 3903 μάλιστα
488 3827 550 3891 τοῖς
581 3845 662 3903 προς
695 3820 807 3903 ἀρετὴν
839 3820 970 3901 φέρουσι
1002 3840 1056 3879 και
1084 3815 1270 3897 δυναμένοις
1290 3816 1428 3878 πλάττειν
1450 3817 1485 3880 τὸ

326 3941 431 4025 ἦθος),
453 3943 491 4004 ού
513 3941 617 4023 χεῖρόν
640 3943 700 4005 ἔστι
721 3940 866 4023 καὶπερὶ
887 3940 1007 4002 τούτοιν
1030 3938 1179 4004 διελθεῖν..

356 4247 376 4312 ¹)
395 4249 439 4304 Sic
457 4249 612 4304 Hercherus
636 4253 662 4303 et
683 4245 882 4312 Bemardakis3
914 4264 1011 4304 omnes
1040 4247 1151 4315 reliquae
1178 4247 1312 4302 editiones
1339 4247 1485 4309 περιποιεῖ.

355 4333 376 4402 ²)
395 4337 434 4393 Cf.
458 4338 542 4406 Epist.
562 4335 704 4391 Sintenisii
729 4336 765 4390 ad
789 4337 820 4390 H.
840 4336 996 4405 Sauppium
1021 4333 1175 4398 (Plutarchi
1194 4333 1257 4388 vitae
1274 4333 1310 4389 ex
1329 4333 1486 4388 recensione

398 4426 426 4482 C.
447 4425 588 4480 Sintenisii
608 4425 635 4478 T.
654 4424 696 4489 IV,
715 4441 741 4492 p.
760 4422 901 4486 336-37).
