3282 5146
822 459 862 522 10

341 651 423 734 Περὶ
439 651 625 734 πολυφιλίας
642 671 668 715 c.
687 651 768 736 Hp.
787 654 829 717 93
841 671 867 715 θ,
902 649 943 715 In
959 649 990 714 D
1008 655 1071 720 est:
1095 650 1198 714 καὶτὸ
1216 651 1310 714 ἄλλον
1327 650 1422 714 αὑτὸν

258 774 401 856 ἠχεῖσθαι
419 772 474 836 τὸν
492 773 584 854 φίλον
602 773 655 835 καλ
671 773 918 854 προσαγορεύειν
935 773 1056 854 ἑταῖρον
1073 773 1178 854 ἕτερον
1195 773 1289 835 οὐδέν
1306 773 1421 854 ἐστινῆ

256 897 364 976 μέτρῳ
376 895 479 977 φιλίας
490 901 527 977 τῇ
540 895 632 957 δυάδι
643 895 822 976 χρωμένων
828 917 839 968 ,·
850 893 888 957 in
898 892 1036 976 reliquis
1048 892 1194 958 melioris
1206 900 1308 958 notae:
1321 893 1375 956 καλ
1386 892 1420 956 τὸ

257 1055 299 1062 -
310 1019 432 1098 ἑταῖρον
450 1017 497 1087 ὡς
513 1017 618 1097 ἕτερον
635 1015 728 1078 οὐδέν
746 1015 825 1078 ἔστιν
836 1014 911 1077 ἄλλο
922 1013 1004 1096 πλὴν
1014 1016 1121 1096 μέτρῳ
1133 1015 1194 1077 κτλ.
1229 1013 1420 1099 Utrumque

257 1139 329 1203 sine
348 1136 450 1202 dubio
468 1142 662 1222 corruptum
682 1142 740 1214 est,
764 1134 822 1200 sed
839 1135 938 1199 latius
957 1141 1050 1220 patet
1072 1135 1259 1220 corruptela
1275 1135 1312 1200 in
1328 1135 1369 1214 D,
1393 1137 1422 1200 si

257 1259 396 1344 quidem
426 1265 573 1345 apparet,
607 1255 880 1342 interpolatorem
908 1255 967 1322 vix
996 1256 1090 1319 οὐδὲν
1119 1257 1194 1319 ἄλλο
1223 1258 1312 1339 πλην,
1344 1277 1421 1341 quae

256 1369 380 1445 locutio
399 1387 432 1445 et
448 1381 586 1445 omnino
598 1385 632 1444 et
642 1377 734 1464 apud
743 1377 964 1441 Plutarchum
975 1376 1082 1441 multo
1094 1377 1201 1442 rarius
1212 1399 1316 1462 quam
1327 1380 1421 1443 οὐδὲν

256 1502 332 1565 ἄλλο
354 1505 374 1584 ἢ
398 1501 549 1580 occurrit,
576 1501 766 1586 positurum
787 1498 899 1562 tuisse.
944 1497 1075 1562 Deinde
1096 1498 1235 1583 vulgata
1256 1500 1421 1584 scriptura

255 1643 391 1708 prorsus
419 1623 476 1687 illa
504 1620 643 1706 quidem
672 1641 773 1685 sensu
802 1640 896 1685 cassa
925 1626 983 1698 est,
1011 1595 1131 1686 verum
1159 1625 1274 1684 tamen
1303 1621 1422 1698 itaut

256 1745 398 1828 vestigia
429 1744 586 1827 genuinae
619 1741 712 1806 haud
740 1740 886 1806 obscura
914 1741 951 1805 in
980 1761 1019 1805 eo
1048 1741 1182 1820 lateant,
1217 1761 1296 1806 oum
1317 1742 1421 1808 altera

258 1864 367 1929 deleta
379 1857 553 1950 ¹particula
575 1865 622 1934 ὡς
644 1869 678 1927 et
699 1863 774 1925 ἄλλο
796 1863 878 1944 πλήν
899 1862 937 1926 in
954 1867 974 1945 ἢ
994 1863 1141 1940 mutatis
1165 1867 1204 1926 ut
1219 1865 1325 1946 ἕτερον
1342 1884 1421 1929 eum

217 1986 239 2062 ,‘
256 1987 352 2050 οὐδέν
374 1987 453 2050 ἐστιν
483 1984 892 2077 necessariffloniungas,
923 1983 1043 2048 falsam
1071 1983 1185 2048 induit
1211 1985 1360 2050 veritatis
1388 1993 1421 2051 et

256 2108 408 2172 sanitatis
436 2107 581 2193 speciem
603 2127 665 2171 neo
687 2111 802 2170 tamen
824 2122 940 2170 omnes
962 2105 1136 2191 scrupulos
1158 2105 1252 2184 tollit,
1281 2128 1362 2171 nam
1384 2108 1420 2172 in

256 2229 365 2314 prima
387 2235 480 2314 parte
503 2227 649 2293 ambitus
671 2226 773 2291 huius
796 2226 837 2290 de
859 2247 927 2310 quo
944 2227 1055 2310 agitur
1072 2226 1135 2310 (τὸν
1152 2229 1243 2309 φίλον
1259 2252 1419 2310 προσαγο-

256 2352 356 2433 ρεύειν
386 2352 508 2433 ἑταῖρον
537 2352 642 2432 ἕτερον
671 2349 765 2411 οὐδέν
794 2349 873 2412 ἔστιν
902 2346 933 2430 ἢ)
967 2353 1134 2436 structura
1166 2368 1236 2413 non
1269 2349 1419 2428 offendit,

256 2471 422 2536 sententia
433 2472 547 2555 friget;
570 2471 608 2534 in
624 2469 727 2534 altera
739 2467 768 2552 (ἢ
781 2467 969 2552 χρωμένων)
984 2469 1160 2552 genetivus
1172 2451 1421 2556 pluralis‘pam-

256 2593 336 2676 cipli
348 2593 521 2657 sententiae
533 2597 566 2656 et
578 2597 752 2656 structurae
764 2590 888 2675 pariter
899 2596 1073 2674 repugnat.
1099 2589 1190 2666 Quid
1205 2612 1267 2676 ego
1279 2591 1421 2658 scriben-

256 2713 339 2778 dum
358 2734 429 2778 esse
449 2734 612 2791 censeam,
632 2712 721 2776 inira
736 2731 814 2775 cum
826 2710 972 2775 adhunc
984 2711 1096 2776 locum
1106 2732 1229 2777 venero
1242 2733 1418 2798 exponam.
1429 2733 1463 2810 μ
1478 2707 1552 2780 sod.

257 2875 299 2882 —
310 2835 406 2900 Alius
417 2835 510 2900 locus
522 2840 697 2918 corruptus
709 2839 818 2897 exstat
827 2833 865 2896 in
876 2831 1027 2896 eiusdem
1038 2832 1141 2897 libelli
1153 2853 1223 2918 cap.
1233 2833 1284 2898 IX
1296 2854 1326 2919 p.
1341 2839 1381 2902 97
1390 2857 1418 2900 a.

257 2957 336 3022 Cod.
364 2955 394 3021 D
423 2957 496 3022 haec
523 2955 672 3021 exhibet:
707 2956 754 3025 ὡς
783 2953 894 3036 δὲτὴν
916 2955 1144 3037 ἀσχημάτιστον
1166 2957 1197 3017 οῖ
1218 2958 1345 3037 φυσικοὶ
1367 2957 1420 3020 καὶ

257 3081 450 3162 ἀχρώματον
473 3079 581 3141 οὐσίαν
603 3078 656 3140 καὶ
674 3077 752 3158 ὕλην
768 3077 910 3157 λέγουσιν
927 3076 1138 3158 ὑποκειμένην
1156 3076 1210 3138 καὶ
1226 3080 1420 3161 τρεπομένην

256 3203 311 3282 ὑφ’
336 3201 440 3282 αὑτῆς,
463 3205 519 3262 νῦν
541 3199 599 3280 μὲν
621 3198 702 3273 κτλ.,·
724 3195 844 3279 reliqui
866 3199 927 3280 pro
948 3197 1002 3277 ὑφ’
1023 3197 1119 3279 αὐτῆς
1136 3195 1218 3261 dant
1234 3199 1286 3260 ὑπ’
1306 3199 1419 3262 αὐτῶν.

257 3320 350 3397 Quid
369 3319 584 3385 scribendum
603 3319 654 3397 sit,
674 3318 775 3382 etiam
792 3324 869 3402 post
882 3315 1054 3399 Caesaris1)
1078 3323 1111 3382 et
1128 3317 1301 3404 Sauppii2)
1324 3341 1421 3385 curas

256 3442 354 3510 valde
376 3443 543 3507 incertum
565 3440 650 3504 mihi
671 3438 819 3518 videtur3
842 3438 906 3502 hoc
928 3443 1143 3503 tamencum
1161 3438 1421 3524 Wyttenbachio

256 3565 422 3629 affirmare
434 3564 553 3641 ausim,
576 3564 630 3645 ὑφ’
656 3563 752 3643 αὑτῆς
772 3560 1005 3627 »vehementer
1017 3565 1235 3625 correctorem
1252 3561 1416 3626 redolere«

257 3686 474 3770 physicorum
491 3685 701 3750 decretorum
716 3703 838 3768 parum
853 3682 1008 3767 peritum.
1053 3681 1161 3746 Nemo
1173 3682 1264 3746 em'm
1275 3681 1419 3762 illorum,

242 3806 353 3871 'cuius
376 3805 514 3890 quidem
531 3805 697 3870 sententia
713 3805 778 3868 hac
795 3803 836 3867 de
853 3824 888 3868 re
906 3809 1043 3880 constet,
1066 3803 1242 3867 materiam
1260 3824 1294 3868 se
1311 3804 1420 3889 ipsam

256 3933 450 3994 moventem
461 3931 494 3990 et
504 3931 694 4011 mutantem
705 3925 792 3989 iecit.
811 3923 1031 4008 Partioipium
1042 3925 1261 4006 ὑποκειμένην,
1270 3925 1362 4009 quod
1373 3925 1420 3991 sio

257 4048 347 4114 nude
365 4048 513 4133 positum
530 4068 630 4112 sensu
643 4053 741 4124 caret,
761 4045 907 4110 ostendit
918 4045 1096 4109 manifesto
1109 4044 1270 4110 excidisse
1282 4046 1418 4131 aliquid.

285 4261 306 4327 ¹)
325 4264 383 4318 lnd.
401 4265 460 4318 lect.
484 4262 622 4329 Marburg.
643 4260 710 4314 1871
730 4277 756 4329 p.
778 4259 890 4314 10-11.

285 4347 306 4416 ²)
324 4352 381 4406 Ind.
409 4353 470 4405 lect.
494 4350 580 4405 Goett.
611 4347 686 4402 1883.
731 4349 810 4403 Hunc
833 4348 936 4402 librum
961 4347 1153 4402 tantummodo
1181 4363 1216 4401 ex
1245 4362 1364 4401 censura
1390 4346 1420 4398 in

327 4438 458 4494 Bursiani
477 4437 700 4494 Jahresberichte
718 4437 772 4490 vol.
792 4435 866 4490 XXX
884 4435 958 4500 novi,
984 4435 1014 4489 id
1038 4435 1112 4503 quod
1136 4434 1314 4490 vehementer
1332 4435 1419 4489 doleo.
