3306 5144
698 493 739 556 93

33 665 34 672 Ι
141 683 174 746 in
194 685 376 766 μεταβάλλει
398 685 552 762 mutavit,
583 685 708 770 quippe
731 685 791 769 qui
812 684 856 749 ad
878 683 1020 750 verbum
1042 684 1243 766 μεταβάλλειν
1263 683 1300 745 τὰ

33 789 34 810 ³
142 806 208 886 ζῷα
231 804 419 870 subiectum
441 805 551 870 audiri
572 813 659 871 recte
682 806 837 883 crederet,
861 804 919 870 sed
941 826 1057 872 vereor
1078 827 1120 870 ne
1142 803 1259 890 procul
1281 825 1301 868 a

33 969 34 976 ι
140 939 218 993 vero
247 927 414 993 erraverit.
466 928 619 992 Primum
648 934 796 1013 apparet,
830 948 900 991 non
929 927 1038 992 solum
1066 926 1151 991 illud
1178 927 1300 992 vitium

141 1050 331 1131 (numerum
352 1047 517 1134 pluralem
539 1069 642 1133 prave
664 1048 831 1134 positum),
859 1047 951 1133 quod
973 1048 1166 1113 Hercherus
1188 1047 1302 1112 tollen-

141 1168 221 1234 dum
249 1190 320 1234 esse
348 1170 487 1247 censuit,
521 1169 580 1234 sed
612 1170 709 1255 plura
741 1169 807 1234 alia
838 1166 875 1234 in
907 1170 960 1234 his
993 1169 1104 1235 verbis
1137 1171 1197 1233 ἔστι
1234 1169 1299 1232 ‹tu-

140 1292 317 1374 πνεύμοτος
343 1289 521 1368 offendere,
555 1291 649 1356 velut
676 1296 791 1355 narrat
791 1291 904 1356 ionem
926 1292 1035 1376 ipsam
1056 1289 1247 1356 fabulosam
1269 1296 1302 1354 et

139 1411 404 1496 improbabilem,
438 1433 515 1497 quae
547 1419 678 1477 tantam
711 1413 856 1477 auctoris
886 1412 1116 1477 credulitatem
1145 1410 1299 1488 ostendit,
1326 1445 1359 1496 »Α

139 1540 268 1617 quanta
278 1534 337 1600 vix
347 1534 527 1599 Plutarcho
539 1533 738 1618 imputanda
750 1541 808 1612 eet,
822 1540 1012 1599 tumstruct
1013 1556 1110 1599 uram
1124 1534 1353 1599 molestam

140 1663 171 1720 et
180 1655 381 1740 impeditam
389 1656 529 1720 ἔοτιὸἃ
530 1655 757 1737 μεταβάλλουσι
769 1655 804 1719 δε
816 1657 888 1727 κτλ
901 1661 934 1720 et
945 1656 1185 1733 accusativum
1198 1677 1300 1740 quem

139 1777 221 1841 mire
239 1776 326 1860 ragit
342 1777 533 1862 praepositio
546 1776 605 1850 διά,
628 1797 706 1840 oum
717 1775 917 1841 Plutarchus
930 1783 1016 1842 certe
1028 1778 1254 1860 μεταβάλλουσι
1266 1779 1300 1842 δέ

141 1899 175 1962 δι’
196 1899 339 1968 εὐτονίας
356 1898 410 1962 καὶ
428 1898 624 1980 θερμότητος
641 1897 825 1981 scripturus
837 1898 947 1975 fuerit,
970 1920 1052 1963 nam
1063 1898 1147 1963 illud
1158 1898 1301 1964 alterum

138 2020 293 2105 ineptum
315 2026 379 2097 est3
403 2019 549 2103 denique
571 2039 640 2083 non
662 2017 760 2089 video
780 2018 848 2102 (sed
865 2019 929 2085 hoo
946 2019 1065 2085 ultimo
1081 2020 1153 2085 loco
1171 2020 1299 2104 habeo),

33 2153 34 2156 ’
139 2141 220 2225 quid
232 2141 453 2206 commoverit
465 2139 614 2217 suidam,
631 2145 669 2203 ut
680 2137 783 2204 verba
794 2141 855 2204 ἔστι
868 2142 1113 2224 (λλ-πνεύματος
1124 2143 1300 2220 omitteret,
1319 2122 1344 2178 7

138 2263 202 2327 nisi
225 2261 319 2347 quod
340 2262 376 2325 in
398 2261 561 2346 exemplo,
584 2282 652 2345 quo
675 2283 756 2326 usus
779 2267 836 2340 est,
860 2283 930 2326 non
952 2261 1137 2329 exstabant.
1182 2264 1300 2348 Itaque
1406 2298 1408 2306 s

138 2384 246 2449 facere
269 2404 338 2448 non
354 2404 501 2468 possum,
516 2383 608 2467 quin
628 2382 771 2460 credam,
794 2389 925 2468 partem
943 2382 1119 2462 lemmatis,
1143 2384 1300 2449 omnibus

138 2505 200 2570 illis
220 2504 323 2583 vitiis,
340 2525 417 2589 quae
434 2505 487 2568 his
507 2503 617 2570 verbis
634 2504 741 2569 inesse
759 2526 861 2589 supra
878 2504 1114 2584 demonstravi,
1131 2505 1300 2570 foedatam

139 2626 189 2692 vel
211 2625 390 2690 librarium
411 2626 627 2703 incuriosum,
662 2626 721 2710 qui
749 2631 872 2690 temere
893 2626 955 2690 has
978 2648 1085 2712 nugas
1107 2648 1127 2691 a
1149 2627 1300 2711 margine

138 2748 172 2812 in
194 2748 383 2813 orationem
404 2747 574 2832 scriptoria
590 2747 770 2824 transtulit,
793 2748 847 2813 vel
863 2748 1135 2834 interpolatorem
1151 2769 1299 2832 arguere,
1348 2816 1353 2840 ¹

140 2890 245 2954 eaque
273 2869 396 2933 omissa
424 2870 472 2934 sic
500 2867 714 2933 scribendum
742 2890 829 2934 esse:
863 2870 971 2952 ὥσπερ
994 2871 1054 2952 γὰρ
1082 2871 1119 2933 τὰ
1149 2871 1300 2951 ῥωμαλέα

139 2996 200 3062 τοῖς
216 2993 387 3073 στομάχοις
405 2991 459 3054 καὶ
476 2991 665 3073 ὑγιεινότατα
677 2996 741 3054 τῶν
754 2992 849 3072 ζῴων
862 2992 950 3073 ὄφεις
962 2993 1112 3054 ἐσθίοντα
1123 2993 1301 3056 καταπέττει

139 3113 191 3176 καὶ
213 3114 396 3195 σκορπίους,
419 3114 450 3176 οἱ
472 3112 506 3175 δὲ
529 3112 631 3193 σικχοὶ
652 3112 714 3175 κτλ.

135 3515 169 3576 ρ.
193 3491 274 3560 87ιλ
296 3493 385 3577 (cap.
409 3491 492 3574 III).

222 3621 314 3677 τοῦτο
344 3612 401 3676 οὗν
429 3613 592 3695 ὠφέλιμόν
619 3613 688 3685 ἐστι,
723 3615 806 3675 πάνυ
829 3613 888 3694 μὲν
910 3611 967 3675 οὖν
989 3613 1221 3694 εὐλαβούμενον
1244 3615 1300 3694 ζῆν

141 3735 192 3798 καὶ
223 3737 388 3817 προσέχειν
420 3736 523 3815 ἑαυτῷ
555 3735 609 3796 καὶ
639 3736 718 3816 μήτε
749 3736 891 3816 πρέπειν
919 3735 1019 3816 μηδὲν
1056 3734 1219 3815 ὀλιγώρως
1248 3733 1301 3796 καὶ

142 3857 373 3939 ἀπερισκέπτως
392 3857 470 3938 μήτε
492 3857 589 3937 λέγειν
611 3856 673 3919 κτλ.

225 3976 455 4061 Corruptelam
478 3976 627 4060 aliquam
649 3976 685 4040 in
707 3976 760 4040 his
782 3975 892 4041 verbis
909 3977 1020 4054 latere,
1043 3976 1143 4040 multi
1159 3975 1300 4041 editores

127 4108 209 4162 'non
242 4097 491 4176 intellexerunt;
537 4119 579 4162 ne
612 4098 769 4162 Reiskius
809 4097 947 4182 quidem
979 4119 1095 4166 veram
1127 4099 1218 4163 viam
1258 4096 1301 4161 ad

145 4218 370 4284 difficultatem
403 4219 648 4304 expediendam
680 4218 780 4297 vidit;
813 4219 842 4283 is
875 4220 966 4284 enim
999 4241 1041 4284 ex
1073 4219 1186 4304 phrasi
1217 4221 1300 4281 πάνυ

144 4341 199 4420 μὲν
223 4340 278 4403 οὖν
300 4341 422 4405 iniuria
445 4341 585 4424 collegit,
608 4340 828 4405 Plutarchum
850 4340 971 4406 addere
990 4342 1133 4407 voluisse
1150 4340 1227 4404 εἰδὲ
1245 4340 1300 4421 μὴ,

146 4461 220 4524 ἀλλὰ
251 4464 287 4524 τά
320 4487 353 4544 γε
380 4463 521 4545 ε’λάχιστα
550 4464 737 4545 ἁμαρτάνειν
766 4468 826 4525 aut
855 4462 962 4527 simile
991 4461 1119 4548 aliquid
1148 4461 1184 4525 in
1212 4461 1300 4526 hanc
