3306 5144
709 420 768 484 101

154 616 195 674 ut
218 609 332 694 aliqua
353 609 471 676 saltem
488 612 689 678 sententiam
708 606 900 692 efficeretur,
923 613 960 678 in
976 614 1054 678 ἀλλά
1070 619 1240 682 mutatum
1257 621 1316 693 est,

150 729 260 796 verba
271 731 397 796 κάλλιον
408 734 487 797 ἔστιν
498 733 629 800 incuria
641 732 768 800 librarii
786 733 927 800 alicuius
944 735 980 800 in
997 736 1159 800 κάλλιπον
1170 735 1314 801 conflata

150 859 246 917 sunt.
291 853 408 918 Latine
430 852 543 920 locum
564 854 612 920 sic
633 860 740 921 verto:
769 855 861 936 ,Haec
882 855 1020 940 quidem
1036 857 1224 922 maximum
1243 876 1318 922 con·
1336 908 1375 978 7

150 974 268 1038 tinent
304 975 534 1040 testimonium
574 976 780 1042 auctoritatis
813 976 963 1056 Catonis;
1007 999 1117 1063 neque
1157 976 1316 1062 (omnino)
1353 979 1385 1088 ᾖ

151 1094 266 1160 ullum
289 1095 381 1160 aliud
396 1096 628 1162 testimonium
643 1097 754 1163 maius
771 1105 804 1163 et
820 1097 993 1184 pulchrius
1011 1106 1129 1177 exstat,
1154 1099 1317 1184 quoniam
1371 1098 1379 1190 λ

25 1281 26 1284 ,
150 1219 228 1280 cet!
274 1215 391 1296 Video,
415 1218 605 1284 coniectura
626 1218 695 1284 iarn
716 1219 814 1298 iacta
837 1219 943 1284 alium
964 1220 1076 1286 locum
1094 1242 1197 1307 prope
1215 1220 1317 1286 simili
1387 1223 1391 1244 ¹

150 1337 283 1404 mendo
327 1337 535 1405 laborantem
581 1338 699 1406 eadem
745 1341 946 1407 correctione
989 1341 1141 1410 adhibita
1183 1362 1319 1407 sanasse

149 1459 398 1544 Emporium),
414 1461 474 1544 qui
485 1482 517 1545 p.
530 1460 600 1527 eod
616 1482 677 1546 pro
693 1482 798 1546 prava
814 1461 977 1528 librorum
994 1463 1158 1549 scriptura
1173 1487 1317 1546 παροοη.

25 1609 26 1672 3
149 1583 315 1663 χομένους
338 1602 344 1614 ·
366 1582 443 1646 ἀλλὰ
464 1583 583 1664 μείζων
604 1583 734 1666 ἄσκησις
755 1590 843 1649 recte
860 1584 1005 1650 restituit
1022 1586 1317 1668 παρανηχομένους,

25 1757 27 1800 3
150 1703 226 1766 οὐδ’
251 1703 328 1786 ἄλλη
349 1705 468 1786 μείζων
489 1704 628 1786 ἄσκησις.

541 2473 644 2558 Περὶ
672 2474 940 2559 Πολυφιλίας.

693 2702 794 2712 -ι-ιι-υ

25 2713 27 2730 i
131 2753 186 2838 p.
214 2752 293 2819 930
314 2753 402 2838 (cop.
426 2752 489 2836 II).

244 2873 352 2937 Αἴτιον
374 2873 408 2938 δὲ
428 2874 506 2956 μετὰ
528 2875 655 2938 πολλῶν
672 2875 777 2939 ἄλλων
796 2877 855 2959 οὐχ
873 2878 982 2959 ἥκιστα
1001 2879 1073 2960 γἐῑς
1090 2878 1193 2960 φιλίας
1209 2884 1315 2961 κτῆσιν

25 2987 26 3000 i
152 2999 172 3078 ἦ
197 3003 257 3078 τῆς
278 2996 464 3078 πολυφιλίας
486 2997 588 3078 ὄρεξις
609 2997 671 3059 κτλ.

244 3115 370 3180 Totum
408 3116 473 3182 hoc
511 3123 612 3202 caput
644 3116 872 3203 compluribus
905 3118 985 3208 locis
1017 3118 1146 3185 lacunis
1179 3120 1319 3205 aliisque

154 3237 357 3322 corruptelis
384 3239 504 3303 misero
530 3237 703 3303 foedatum
736 3245 795 3317 est,
828 3239 922 3306 velut
949 3242 987 3306 in
1014 3241 1065 3320 iis,
1099 3262 1175 3327 quae
1205 3242 1319 3308 statim

154 3365 359 3444 sequuntur,
392 3358 583 3444 Madvigius
612 3361 746 3444 egregia
767 3361 946 3446 sagacitate
968 3364 1152 3447 genuinam
1174 3365 1319 3429 restituit

155 3481 371 3566 scripturam,
411 3481 548 3546 initium
581 3481 707 3566 capitis,
749 3482 840 3567 quod
871 3503 972 3568 supra
1005 3483 1173 3570 descripsi,
1206 3485 1318 3550 adhuc

156 3601 331 3668 medicum
364 3623 464 3667 suum
497 3609 675 3688 exspectat,
710 3603 805 3668 cuius
832 3603 984 3690 partibus
1011 3627 1066 3671 me
1094 3606 1193 3690 fungi
1220 3627 1317 3692 posse

157 3744 267 3810 spero,
292 3760 333 3769 —
350 3723 516 3798 Ἑνονιίον,
546 3723 637 3808 quod
659 3745 719 3810 pro
742 3727 838 3790 αἴτιον
860 3724 1132 3792 substituendum
1154 3749 1224 3794 esse
1247 3749 1320 3795 cen-

158 3846 229 3910 suit
252 3843 530 3930 Wyttenbachius
559 3845 717 3931 quodque
744 3854 942 3932 receperunt
963 3847 1162 3915 Duebnerus
1190 3857 1224 3916 et
1244 3851 1319 3916 Ber-

159 3965 331 4044 nardakiS,
354 3965 584 4031 difficultatem
606 3988 675 4032 non
697 3967 796 4046 tollit;
820 3989 901 4033 nam
923 3969 1053 4054 phrasis
1075 3972 1212 4036 ἐναντίον
1233 3974 1276 4043 εἴς
1292 3997 1319 4036 τι

159 4087 350 4153 vixGraeca
372 4095 434 4167 est;
458 4108 520 4154 nec
542 4089 649 4173 magis
671 4088 805 4174 placent
826 4109 874 4168 ea,
898 4111 974 4174 quae
991 4091 1147 4158 Reiskiu's
1164 4093 1317 4159 coniecit:

201 4410 223 4473 ¹)
245 4413 283 4469 Cf.
303 4413 442 4484 Opuscula
460 4417 519 4470 eius
538 4416 579 4470 ed.
599 4415 791 4471 Schneidewin
810 4433 836 4484 p.
856 4416 916 4470 324.
