3306 5144
854 484 914 546 140

303 675 488 760 (βιβλίονλῐ),
518 676 553 739 in
582 697 649 758 qua
678 675 759 738 illud
790 675 1011 759 perscriptum
1035 680 1113 751 erat,
1137 695 1196 738 rex
1217 673 1469 758 obsignaverat.

302 797 522 864 scribendum
545 797 648 881 igitur
672 798 704 859 ἕν
726 797 838 879 βιβλίῳ
857 798 1177 878 καταοεαημασμένῳ.

296 1163 333 1226 ρ.
358 1140 453 1207 147λ)
478 1141 563 1225 (cop.
588 1140 650 1221 II).

385 1269 479 1325 ταῦτα
503 1262 571 1343 γὰρ,
597 1263 624 1324 εἰ
649 1261 702 1323 καὶ
728 1262 812 1323 πάνυ
833 1267 1077 1342 προσποιοῦνται
1100 1260 1258 1342 διαφέρειν
1279 1261 1309 1322 οἱ
1329 1260 1476 1342 βασιλεῖς

300 1391 365 1448 τῶν
385 1386 556 1465 τυράννων,
580 1384 640 1445 οὐκ
662 1383 803 1463 εὐμενῶς
825 1383 1004 1445 ἀκούουσιν.

387 1505 463 1569 Duo
497 1510 802 1568 commemorantur
841 1503 877 1565 in
916 1502 1142 1586 superioribus
1183 1502 1272 1568 dicta
1304 1503 1472 1580 Thaletis,

302 1625 425 1711 quihus
453 1626 666 1709 exagitantur
688 1626 769 1689 saevi
796 1624 940 1708 tyranni.
996 1623 1050 1688 Ad
1081 1624 1153 1689 haec
1187 1625 1290 1708 igitur
1322 1625 1475 1688 refertur

303 1769 504 1834 pronomem
556 1745 613 1810 sed
652 1746 710 1811 vix
748 1744 953 1809 credendum
992 1752 1050 1822 est,
1095 1745 1314 1810 Plutarchum
1355 1745 1473 1810 dicere

302 1870 455 1946 voluisse,
493 1869 566 1932 haec
599 1889 667 1932 non
700 1867 765 1931 alia
798 1888 884 1950 agro
917 1867 1002 1931 ferre
1036 1888 1143 1951 reges3
1185 1867 1310 1931 scilicet
1349 1868 1474 1932 omnia

303 1991 433 2068 similia,
457 1989 580 2074 quibus
597 1990 806 2053 maiestatem
825 2010 921 2053 suam
939 1988 1048 2054 minui
1064 1994 1195 2072 putant,
1219 1989 1259 2052 iis
1277 1988 1470 2073 displicent.

303 2112 407 2176 Recta
441 2111 606 2175 sententia
641 2110 826 2174 restituitur
854 2108 1028 2174 scribendo
1055 2116 1180 2172 τοιαῦτα
1209 2110 1277 2191 γὰρ.
1297 2112 1369 2183 κτλ,
1400 2111 1471 2188 vel,

303 2232 394 2318 quod
422 2232 574 2296 Gertzius
604 2232 746 2316 praeiert‚
774 2233 810 2295 τὰ
840 2238 964 2294 τοιαῦτα
993 2233 1061 2313 γάρ.
1113 2230 1227 2295 Simile
1249 2229 1472 2296 librariorum

303 2361 449 2418 erratum
472 2354 616 2418 occurrit
637 2354 672 2416 in
695 2352 805 2417 libello
829 2352 869 2416 de
892 2353 1004 2437 pueris
1026 2351 1119 2416 educ.
1144 2374 1174 2437 p.
1199 2350 1262 2429 8d,
1293 2351 1352 2416 ubi
1374 2375 1469 2418 men-

304 2475 386 2539 dum
419 2480 634 2540 correxerunt
661 2474 857 2538 Meziriacus
890 2481 923 2537 et
951 2473 1172 2558 Emperius2),
1207 2480 1240 2538 et
1271 2473 1373 2537 huius
1407 2473 1470 2540 lib.

304 2620 335 2682 p.
361 2601 422 2663 160
433 2618 461 2660 a.
472 2595 496 2678 3)

299 2967 333 3030 ρ.
358 2944 460 3010 md
482 2944 570 3029 (cap.
595 2945 657 3026 II).

386 3067 441 3147 τὴν
469 3067 669 3148 δ’ἀσφάλειαν
699 3067 887 3147 ἀγαπῶντας
915 3066 988 3127 ἄνευ
1010 3071 1065 3126 τοῦ
1088 3065 1186 3127 καλοῦ
1209 3065 1380 3146 προβάτων
1403 3064 1473 3127 ἔδει

301 3187 427 3249 πολλῶν
449 3188 502 3249 καὶ
524 3189 630 3249 ἵππων
651 3188 704 3249 καὶ
726 3189 816 3269 βοῶν
838 3188 952 3268 ἄρχειν,
974 3186 1019 3268 μὴ
1043 3187 1237 3267 ἀνθρώπων.

385 3307 522 3371 Πολλῶν
556 3306 653 3373 valde
686 3308 799 3391 friget;
835 3315 924 3371 recta
958 3308 1042 3371 ratio
1071 3307 1264 3391 simpliciter
1291 3307 1471 3388 προβάτων

301 3429 437 3513 flagitat.
482 3429 651 3494 intellexit
673 3429 745 3506 hoc,
770 3427 861 3512 quod
883 3428 1027 3512 reliquos
1051 3428 1192 3493 editores
1215 3429 1356 3512 fugerat,
1381 3428 1471 3492 Her-

301 3551 435 3628 cherus;
459 3551 526 3629 sed,
551 3559 589 3615 ut
610 3559 681 3616 erat
702 3571 808 3614 manu
830 3557 1015 3634 promptus,
1038 3557 1161 3614 temere
1179 3549 1383 3614 vocabulum
1399 3551 1468 3615 hoc

300 3672 479 3736 molestum
523 3695 564 3737 ex
609 3674 758 3738 oratioue
797 3673 902 3749 eiecit,
947 3693 1142 3756 quanquam
1183 3671 1242 3738 vix
1281 3671 1466 3756 quisquam

301 3791 514 3872 demonstret,
550 3815 609 3858 cur
636 3793 802 3858 addiderit
828 3795 891 3859 hoc
921 3794 1138 3879 interpolator
1170 3801 1229 3858 aut
1257 3814 1323 3877 quo
1352 3814 1465 3858 errore

300 3921 419 3978 natum
458 3916 508 3979 sit.
543 3971 545 3976 .
572 3915 834 3979 Recentissimus
874 3915 980 3981 editor
1012 3916 1246 3992 Bernardakis,
1287 3921 1325 3978 ut
1357 3915 1393 3978 in
1426 3935 1464 3978 re

300 4034 482 4120 desperata,
523 4038 616 4101 omni
649 4058 683 4100 se
719 4035 883 4101 abstinuit
915 4039 1114 4102 coniectura.
1171 4037 1256 4100 Mihi
1290 4037 1463 4100 lenissima

339 4285 359 4351 1)
379 4288 417 4342 cf.
439 4290 505 4343 Plut.
527 4289 628 4344 Cacsar.
647 4307 708 4358 cap.
728 4290 762 4343 65
773 4309 794 4345 s.
815 4291 853 4344 fin
872 4289 908 4358 (p.
928 4290 980 4344 738
989 4291 1020 4353 f).

337 4372 358 4438 ²)
379 4376 417 4430 cf.
436 4377 555 4445 Emperii
574 4393 668 4444 opusc.
689 4394 714 4445 p.
729 4377 781 4431 323
799 4378 840 4432 ed·
858 4377 1061 4432 Schneidewin.

336 4459 356 4525 ³)
376 4463 414 4519 Cf·
434 4481 499 4519 mea
516 4466 660 4519 annotatio
679 4466 715 4519 ad
734 4483 760 4534 p.
781 4465 832 4518 160
842 4482 867 4519 a.
