3282 5146
719 481 760 544 45

76 686 78 690 ’
162 676 302 762 quidem
323 695 444 760 parum
466 674 537 740 veri
559 673 666 738 simile
688 672 831 750 videtur,
861 671 968 736 tribus
986 671 1125 737 diversis
1143 670 1223 735 locis
1233 670 1322 734 hanc

164 798 303 884 phrasin
324 795 442 861 eodem
463 794 546 860 vitio
562 795 610 859 ita
626 815 696 859 osse
708 795 876 872 iniectam,
900 800 938 858 ut
954 793 1124 858 intellectu
1141 791 1321 868 obscurior,

163 941 233 984 non
266 918 384 983 clarior
416 916 505 981 tacta
538 916 589 980 sit.
634 916 751 1000 ltaque
785 915 887 980 etiam
918 915 1010 980 hunc
1040 919 1199 980 conatum
1227 912 1323 978 relin-

161 1039 338 1125 quendum
361 1059 431 1103 esse
453 1045 545 1122 puto,
568 1038 752 1123 praesertim
775 1058 853 1101 oum
875 1036 940 1101 aha
960 1037 1017 1102 via
1038 1035 1169 1101 facilius
1186 1033 1324 1098 difficul-

163 1168 268 1227 tatem
290 1159 445 1245 expedire
469 1159 574 1226 liceat.
608 1159 697 1224 Nam
719 1159 748 1223 si
771 1157 806 1222 id
831 1158 1012 1241 sequimur,
1035 1157 1127 1242 quod
1143 1156 1214 1223 veri
1236 1156 1324 1220 simi·

162 1283 284 1348 limum
324 1287 382 1359 est,
422 1281 552 1365 phrasis
585 1281 678 1344 οὐδὲν
710 1281 795 1362 παρὰ
828 1286 919 1343 τοῦτο
950 1280 1106 1344 ποιεῖσθαι
1138 1277 1323 1343 necessario

166 1546 268 1610 supra
301 1523 380 1602 dixi,
414 1523 461 1588 sic
494 1523 612 1589 Latine
640 1522 801 1590 vertenda
823 1528 886 1587 est:
925 1522 1027 1586 »nihil
1059 1523 1123 1587 hoc
1152 1521 1324 1604 antiquius

165 1646 306 1711 habere«
320 1645 352 1730 ¹).
418 1645 503 1722 Quae
552 1666 630 1710 cum
676 1644 712 1708 in
752 1644 918 1709 sententia
957 1642 1144 1729 profitenda
1188 1642 1242 1708 vel
1289 1661 1323 1705 re

166 1766 334 1832 narranda
372 1766 525 1844 additur,·
559 1766 694 1844 indicat,
739 1787 854 1830 omnes
892 1765 1038 1850 reliquas
1078 1764 1259 1830 sententias
1292 1768 1325 1827 et

166 1409 388 1488 congruenter
416 1400 640 1467 locutionibus
668 1401 818 1466 eiusdem
840 1401 980 1485 generis,
1014 1399 1055 1465 de
1077 1399 1201 1485 quibus
1223 1399 1323 1485 paulo
1356 1440 1390 1617 ξ

165 1889 373 1953 narrationes
400 1887 533 1954 excludi
559 1895 593 1953 et
615 1888 702 1966 reici,
733 1894 771 1952 ut
792 1887 934 1953 eandem
956 1888 1024 1952 fere
1047 1885 1324 1972 significationem

163 2010 286 2075 habeat
297 2030 335 2074 ac
346 2009 434 2074 »sine
442 2009 511 2074 ulla
519 2011 734 2074 mutatione«.
753 2009 828 2074 Hoc
836 2014 975 2094 reperto,
987 2007 1323 2083 restatutvideamus,

164 2152 249 2196 num
270 2131 366 2196 facile
388 2131 585 2217 permittant
602 2131 690 2195 hanc
707 2131 964 2216 explicationem
979 2131 1044 2195 loci
1062 2133 1164 2216 supra
1182 2129 1324 2208 laudati;

162 2274 185 2318 a
208 2252 370 2319 Strabone
393 2253 611 2338 incipiamus;
645 2251 738 2330 XIV,
767 2257 786 2318 5
811 2252 940 2316 nullam
960 2251 1062 2316 habet
1085 2251 1324 2329 difficultatem,

162 2375 193 2438 si
221 2380 390 2459 postrema
418 2373 521 2440 verba
548 2373 592 2438 ad
620 2375 839 2456 ἀποφαίνομεν
871 2376 1061 2440 referuntur
1089 2381 1121 2440 et
1146 2373 1235 2438 »sine
1258 2372 1326 2437 ulla

164 2495 368 2560 mutatione«
399 2501 585 2562 vertuntur.
632 2495 725 2560 Alter
752 2496 986 2580 locus(VI,1)
1014 2496 1122 2581 magis
1144 2494 1325 2581 impeditus

161 2623 230 2694 ·est;
265 2618 399 2700 ἐροῦμεν
428 2616 512 2682 duos
542 2618 626 2702 regit
653 2618 860 2683 accusativos
893 2621 913 2680 d
941 2620 1179 2702 παρειλήφαμεν
1200 2623 1233 2681 et
1254 2614 1326 2686 τοὺς
1362 2627 1441 2684 fast

163 2739 219 2820 τὴν
240 2739 411 2820 μεσόγαιαν
434 2741 606 2812 οἰκοῦντας,
636 2761 712 2824 quae
734 2738 914 2805 verborum
943 2746 1110 2805 structura
1132 2761 1152 2804 a
1174 2758 1326 2803 sermone
1390 2713 1397 2732 ι
1428 2719 1431 2731 ’

164 2858 282 2924 Graeco
304 2881 440 2944 prorsus
462 2881 531 2925 non
554 2859 710 2926 abhorret
723 2860 761 2945 3);
785 2861 889 2926 oratio
912 2867 990 2926 ante
1011 2861 1144 2932 τοὺς-
1162 2862 1325 2929 οἰκοῦντας

164 2980 444 3066 interpungenda,
479 2988 517 3045 ut
545 2982 675 3066 phrasis
705 2982 798 3046 οὐδὲν
831 3020 872 3028 -
910 2954 1093 3065 ποιοῦμενοι
1125 2987 1213 3046 arcte
1247 3002 1325 3076 oum

163 3102 339 3167 enuntiato
378 3102 525 3169 relativo
555 3103 766 3168 antecedenti
805 3103 1030 3188 coniungatur
1068 3105 1105 3169 in
1136 3104 1224 3168 hanc
1257 3104 1325 3168 fere

164 3224 381 3288 sententiam:
410 3224 622 3289 narrabimus
644 3225 851 3290 coniunctim
879 3225 919 3290 de
942 3225 1075 3310 populis
1098 3226 1157 3312 qui
1178 3224 1326 3290 mediam

165 3352 289 3410 terram
311 3344 474 3423 incolunt,
503 3366 543 3410 ea
565 3367 641 3430 quae
670 3346 873 3425 audivimus,
907 3347 1002 3411 nulla
1021 3348 1110 3414 facta
1129 3347 1324 3411 mutatione.

166 3466 296 3532 Deinde
323 3466 499 3531 redeamus
529 3466 667 3532 tandem
688 3467 870 3552 aliquando
892 3475 967 3554 post
988 3469 1213 3534 necessarium
1234 3467 1326 3530 hunc

165 3589 344 3654 circuitum
365 3587 410 3653 ad
431 3587 534 3654 verba
544 3587 724 3668 Plutarchi,
748 3589 838 3655 unde
855 3591 995 3675 proiecti
1013 3611 1144 3668 sumus;
1169 3588 1327 3654 dicuntur

165 3711 257 3776 enim
278 3709 335 3787 ibi,
359 3709 388 3774 si
405 3709 630 3775 coniecturam
641 3716 791 3775 nostram
808 3733 910 3796 supra
927 3711 1132 3797 propositam
1144 3710 1325 3795 sequimur,

166 3839 273 3916 poetae
312 3831 427 3896 omnia
466 3853 535 3917 prae
571 3831 635 3897 hoc
666 3832 731 3917 (sol.
765 3854 834 3917 prae
868 3831 1116 3917 comparatione
1148 3832 1261 3917 gloriee
1294 3839 1327 3898 et

168 3953 326 4037 potentiae
338 3973 417 4017 cum
428 3952 563 4037 virtute)
575 3953 672 4018 nihili
684 3954 886 4020 aestimantes
898 3953 935 4039 (oz
948 3953 1012 4019 hoc
1024 3953 1133 4020 solum
1140 3961 1326 4040 spectantes

171 4151 673 4160 ——-—-—.--—

196 4279 218 4346 ²)
240 4283 310 4338 Nos:
330 4285 521 4341 udelukkende
539 4291 567 4341 at
585 4285 724 4343 fastholde
742 4287 825 4351 dette;
843 4290 928 4356 laegge
945 4288 1052 4355 ensidig
1065 4288 1139 4355 Vaegt
1156 4287 1272 4355 herpaa,
1377 4281 1469 4330 «οι
1564 4313 1572 4320 .

197 4366 219 4435 ¹)
240 4371 418 4515 ἓίἶῒΚὶἓςοτ.
447 4373 492 4428 Gr.
518 4373 561 4429 Gr.
590 4373 632 4436 46,
658 4374 705 4440 12;
734 4376 801 4431 Plat.
821 4375 984 4445 Apol-2312
1008 4392 1071 4430 cum
1090 4391 1117 4429 n.
1138 4374 1326 4440 Stallhaumii,
1398 4397 1425 4486 ³(

262 4476 302 4513 ri.
370 4477 394 4514 a.
