3306 5144
855 460 915 524 124

305 653 442 719 omnino
465 674 534 718 nen
556 653 630 718 elici
652 659 769 738 potest,
793 675 873 718 nam
896 653 965 720 sive
987 652 1068 717 utile
1091 659 1141 718 est
1161 677 1196 716 το
1218 655 1289 736 βίον
1314 654 1392 718 ἑλεῖν
1411 655 1470 719 τὸν

305 779 430 858 ἄριστον
452 775 573 859 (statuo
596 775 686 840 enim
707 774 799 840 hunc
818 774 1024 842 infinitivum
1044 773 1233 838 subiectum
1250 775 1293 840 ad
1309 776 1471 859 χρήσιμόν

303 901 363 962 ἐστι
385 895 515 981 audiri),
549 904 636 961 certe
668 917 739 961 non
771 897 802 960 ei
829 897 938 961 solum
966 895 1047 961 utile
1075 903 1134 975 est,
1168 896 1228 980 qui
1255 897 1471 982 singularum

302 1041 415 1085 rerum
443 1018 473 1103 (λ)
502 1018 689 1104 periculum
718 1019 807 1094 iacit,
842 1018 912 1084 sive
945 1016 1092 1083 ambitus
1124 1017 1179 1082 hic
1211 1017 1392 1083 verborum
1427 1040 1472 1084 ex

304 1141 415 1207 Madv.
439 1140 532 1225 Syut.
557 1139 612 1204 Gr.
636 1138 658 1225 ξ
682 1138 775 1206 177'b
798 1160 875 1204 ann.
900 1143 919 1206 5
944 1138 1138 1224 explicatur,
1168 1146 1336 1224 repugnat
1356 1139 1474 1206 subita

174 1311 179 1322 .
305 1269 478 1328 structurae
501 1261 643 1326 mutatio
668 1261 1147 1344 (πειρωμένῳ-παρασκευάζειν)
1178 1267 1211 1326 et
1233 1281 1359 1340 sensus
1389 1282 1473 1346 quo-

303 1385 396 1449 mam
423 1404 492 1449 non
520 1383 674 1447 emnium
703 1403 815 1448 rerum
843 1381 1030 1466 periculum
1063 1383 1181 1459 facere,
1215 1381 1274 1447 sed
1309 1381 1470 1449 omnibus

304 1505 412 1583 rebus,
447 1506 476 1569 si
508 1503 579 1569 fieri
611 1510 735 1589 potest,
769 1523 889 1588 cerpus
922 1504 1137 1580 assuefacere,
1172 1503 1337 1569 conducit.
1404 1505 1473 1570 His

305 1625 490 1692 rationibus
512 1631 699 1690 commotus
715 1625 824 1689 iacere
841 1646 910 1690 non
927 1646 1065 1710 pessum
1087 1625 1171 1710 quin
1191 1625 1334 1703 credam,
1357 1626 1474 1711 praeci-

304 1769 409 1834 puam
444 1767 580 1812 causam
613 1747 687 1812 vitii
714 1746 872 1811 lacunam
900 1745 1038 1825 dedisse,
1073 1768 1149 1831 quae
1177 1753 1252 1831 post
1278 1749 1472 1830 πειρωμένῳ

306 1868 471 1954 signanda
492 1875 525 1932 et
546 1868 582 1932 in
611 1868 699 1932 hanc
721 1868 789 1932 fere
812 1868 1013 1932 sententiam
1036 1866 1201 1953 explenda
1224 1889 1295 1933 esse
1317 1868 1470 1935 videtur:

307 2041 312 2053 .
337 2041 343 2053 .
367 2040 373 2052 .
396 1989 549 2053 καὶκατὰ
571 1991 678 2072 μέρος,
706 1990 753 2059 ὡς
779 1991 893 2054 ἕκαστα
915 1992 1104 2073 πειρωμένῳ
1124 1989 1296 2072 πρόσφορα
1319 1992 1472 2072 φαίνεται,

305 2118 380 2176 πᾶσι
417 2112 476 2194 μὲν
513 2112 616 2181 σιτίοις
660 2111 696 2173 τὰ
737 2112 869 2193 σώματα
909 2112 1033 2194 συνήθη
1072 2117 1171 2174 ποιεῖν
1208 2112 1365 2195 χρήσιμόν
1398 2113 1472 2178 ἔστι.

307 2233 431 2299 Totum
458 2231 602 2316 denique
633 2232 810 2297 circuitum
838 2233 885 2297 sic
913 2232 1031 2297 Latine
1060 2233 1273 2318 interpreter:
1307 2232 1472 2297 Praeclare

306 2355 398 2420 enim
427 2353 555 2418 dictum
585 2360 634 2418 est
660 2352 744 2418 illud
774 2355 909 2438 ,optima
938 2353 1075 2420 vivendi
1104 2354 1189 2419 ratic
1222 2352 1376 2438 eligenda
1410 2360 1470 2433 est,

307 2475 490 2541 iucundam
513 2496 588 2539 eam
610 2474 816 2539 consuetudo
839 2473 974 2552 reddet’,
1005 2482 1039 2539 et
1065 2496 1124 2560 per
1152 2475 1242 2543 vices
1270 2475 1363 2539 omni
1386 2474 1472 2554 cibe,

308 2598 519 2682 utquisque,
543 2617 621 2661 cum
643 2596 715 2660 eius
736 2596 923 2680 periculum
944 2597 1057 2674 facias,
1081 2596 1214 2662 saluber
1236 2596 1378 2674 videtur,
1403 2617 1473 2661 cor-

307 2740 388 2804 pora
410 2718 616 2783 assuefacere
638 2716 720 2782 utile
742 2724 806 2796 est;
829 2718 995 2803 imprimis
1017 2738 1096 2783 vero
1120 2725 1177 2783 cet.

306 3002 338 3063 p.
363 2977 463 3065 127f
477 2980 566 3063 (cap.
591 2978 670 3061 XI).

392 3099 473 3182 πρὸς
494 3100 553 3182 μὲν
575 3098 632 3163 οὖν
653 3100 767 3183 ταύτην
787 3099 843 3181 τὴν
865 3099 974 3162 ἐλπίδα
993 3099 1048 3181 τὴν
1064 3105 1119 3163 τοῦ
1137 3099 1292 3170 Κάτωνος
1308 3100 1472 3183 εὐλάβειαν

309 3223 511 3294 ἀντιτακτέον,
548 3223 587 3304 ἥν
619 3244 714 3303 φησιν
747 3221 865 3290 ἐκεῖνος
897 3221 915 3284 ὁ
948 3220 1028 3303 ἀνὴρ
1060 3221 1097 3284 τά
1128 3222 1187 3303 μὲν
1218 3223 1339 3304 μεγάλα
1370 3224 1471 3305 μικρὰ

308 3350 414 3416 ποιεῖν,
436 3342 473 3406 τά
497 3343 531 3406 δὲ
552 3342 651 3425 μικρὰ
673 3342 833 3411 παντελῶς
855 3342 999 3424 ἀναιρεῖν.

393 3465 462 3531 Vix
481 3464 563 3529 Cato
585 3462 831 3548 providentiam
853 3462 968 3528 omnia
989 3484 1113 3548 magna
1134 3463 1344 3543 imminuere,
1367 3486 1474 3550 parva

309 3587 422 3652 tollere
442 3586 541 3665 dixit;
564 3586 636 3650 eius
653 3585 745 3650 medi
763 3585 899 3670 ineptiae
915 3585 987 3649 viro
999 3584 1048 3649 illi
1059 3585 1218 3670 prudenti
1229 3593 1262 3651 et
1278 3587 1384 3672 perito
1401 3608 1473 3653 non

308 3707 505 3773 tribuendae.
557 3707 716 3793 Apparet,
745 3706 906 3772 excidisse
935 3708 1023 3772 inter
1049 3708 1170 3790 μεγάλα
1198 3717 1231 3773 et
1256 3710 1355 3792 μικρά
1376 3729 1473 3775 voca-

310 3829 429 3894 bulum
450 3829 544 3894 velut
564 3832 649 3892 κακά
672 3828 726 3895 vel
748 3829 859 3914 potius
881 3830 1052 3912 νοσήματα.
1098 3830 1152 3896 sic
1171 3828 1307 3894 demum
1327 3850 1473 3894 commo-

311 3951 389 4016 dam
412 3949 612 4014 sententiam
634 3949 737 4014 habet
757 3949 842 4015 illud
864 3950 1009 4016 Catonis.

305 4219 342 4283 p.
367 4194 524 4262 raab-c
547 4192 634 4277 (cap.
658 4194 775 4277 XIV).

395 4319 503 4398 ἄλογοι
525 4315 586 4398 γὰρ
608 4317 745 4397 ἴσχουσιν
764 4317 898 4398 ἀθυμίαι
916 4315 969 4378 καὶ
988 4314 1085 4396 φόβοι
1102 4315 1252 4387 πολλάκις
1270 4318 1321 4380 ὑπ’
1342 4318 1476 4392 οὐδενὸς
