3282 5146
849 429 889 491 64

291 619 430 682 fortasse
462 618 557 683 aliter
590 619 746 695 evenerit,
781 619 810 682 si
841 618 914 683 laus
942 619 1094 684 nocuerit
1122 620 1161 697 ei,
1193 620 1252 703 qui
1284 619 1451 699 laudatur,

291 737 374 822 quid
401 741 498 802 tum?
547 739 711 804 Praeterea
738 757 808 804 non
834 746 911 825 apte
938 739 1092 805 laudator
1118 740 1209 804 utilis
1238 746 1270 805 et
1297 741 1452 806 saluteris

290 880 362 924 esse
385 859 515 938 dicitur,
543 840 621 925 curn
643 860 684 925 de
707 860 850 926 utilitate
872 862 977 946 ipsius
999 860 1108 926 laudis
1131 860 1269 928 dicatur.
1325 862 1452 928 Veram

291 980 494 1047 emendandi
548 982 640 1048 viam
688 982 884 1048 Maziriacus
938 982 1121 1048 ostendisse
1175 983 1260 1048 mihi
1308 983 1452 1062 videtur,

289 1102 350 1186 qui
387 1109 463 1187 post
506 1105 534 1166 εἰ
575 1103 758 1188 interponit
800 1128 851 1177 τις,
891 1104 982 1188 quod
1023 1111 1159 1189 propter
1196 1104 1454 1170 similitudinem

289 1224 476 1289 litterarum
516 1225 724 1309 insequentis
769 1224 901 1289 articuli
944 1224 1041 1289 facile
1084 1224 1280 1290 intercidere
1325 1227 1452 1310 potuit;

289 1344 411 1410 deinde
451 1366 494 1410 ex
531 1346 722 1412 coniectura
759 1345 1016 1430 Bernardakis1)
1048 1347 1136 1412 inter
1168 1349 1214 1430 εἴη
1249 1353 1282 1411 et
1314 1347 1454 1410 ἐπαινῶν

289 1468 475 1532 necessario
515 1467 779 1552 interponendus
812 1475 862 1532 est
894 1468 1054 1532 articulus
1087 1469 1120 1546 ὁ;
1160 1467 1282 1532 vitium
1314 1467 1453 1552 aliquod

288 1588 390 1654 latere
423 1589 535 1654 hiatus
571 1589 628 1673 (εἴη
663 1587 812 1670 ἐπαινῶν)
847 1588 1040 1673 ostendit2);
1074 1588 1219 1673 denique
1250 1595 1341 1674 puto,
1376 1597 1454 1675 post

289 1711 526 1792 ἐπαινουμένοις
547 1709 741 1774 addendum
764 1731 834 1797 esse
853 1711 872 1773 ὁ
891 1712 1017 1781 ἔπαινος
1033 1710 1088 1777 vel
1104 1709 1300 1795 simpliciter
1315 1713 1452 1786 ἔπαινος,

289 1836 329 1894 ut
357 1830 536 1896 scribatur:
571 1834 603 1894 εἴ
624 1856 668 1902 τις
696 1831 750 1894 τὸν
778 1831 876 1914 ἀγρὸν
906 1833 1032 1914 ἔμελλεν
1054 1881 1181 1896 .....
1186 1833 1224 1895 οὗ
1251 1834 1354 1896 τοίνυν
1381 1834 1449 1896 οὐδ’

248 1959 249 1964 ’
288 1953 484 2033 ἀνθρώπους
522 1954 638 2024 ἄτοπος
675 1956 714 2016 ἂν
752 1956 797 2037 εἴη
832 1954 850 2016 ὁ
880 1955 1028 2041 ἐπαινῶν,
1061 1955 1090 2016 εί
1119 1960 1182 2024 τοῖς
1215 1954 1453 2037 ἐπαινουμένοις

288 2075 415 2144 ἔπαινος
437 2075 610 2157 ὠφέλιμόςΙ
621 2076 681 2138 εὀτι
700 2075 752 2138 καὶ
769 2075 964 2157 πρόσφορος.
1007 2075 1219 2139 Postremum
1236 2076 1453 2140 enuntiatum

290 2194 520 2280 Meziriacusss)
543 2197 590 2260 sic
602 2196 749 2285 corrigit:
773 2199 863 2267 εἴτις
885 2196 1111 2278 ἐπαινούμενος
1132 2197 1293 2278 ὠφέλιμός
1315 2198 1376 2260 ἐστι
1398 2200 1453 2261 καὶ

287 2318 470 2400 πάμφορος,
499 2339 618 2383 verum
647 2323 686 2382 ut
713 2318 815 2383 homo
842 2317 941 2382 laude
970 2318 1109 2382 fortasse
1131 2316 1257 2395 melior,
1292 2318 1338 2382 sic
1361 2325 1450 2384 certe

288 2458 398 2521 neque
431 2438 523 2502 utilis
555 2459 665 2522 neque
698 2438 815 2503 fertilis
848 2439 894 2503 fit.
951 2439 1105 2503 Fortasse
1137 2445 1224 2504 recte
1258 2439 1452 2505 Hercherus

287 2580 348 2644 pro
371 2560 472 2642 εὐήθη
502 2560 605 2622 τοίνυν
632 2560 685 2622 καὶ
713 2561 861 2643 ἀβέλτερα
889 2561 925 2624 τὰ
952 2567 1007 2624 τοῦ
1030 2560 1156 2632 Βίωνος
1183 2561 1315 2646 scripsit
1336 2563 1453 2645 εὔηθες

286 2682 390 2746 τοίνυν
411 2681 465 2744 καὶ
487 2681 652 2764 ἀβέλτερον
673 2681 708 2744 τὸ
729 2688 784 2745 τοῦ
807 2682 941 2753 Βίωνος.

281 2909 318 2973 p.
342 2887 423 2956 scd
445 2888 533 2974 (cop.
558 2887 696 2970 XVII).

372 3011 480 3090 ὥσπερ
512 3012 531 3092 ἡ
560 3010 709 3092 κίβδηλος
731 3011 807 3092 αὕτη
836 3011 995 3093 παρρησία
1017 3009 1109 3073 κενὸν
1131 3011 1247 3092 ἔχουσα
1269 3009 1452 3093 καὶψευδῆ

285 3129 339 3193 καὶ
360 3131 500 3194 ὕπουλον
522 3133 620 3213 ὄγκον
642 3132 762 3214 ἐξήρθη
785 3131 838 3194 καί
860 3132 984 3214 ᾤδησεν
1006 3132 1068 3194 κτλ.
1195 3107 1197 3112 V

370 3252 580 3330 Plutarchus
603 3259 783 3337 postquam
801 3253 837 3316 in
855 3251 1081 3336 superioribus
1098 3252 1217 3317 lalsam
1234 3251 1450 3316 adulatorum

322 3427 343 3494 ¹)
364 3432 424 3488 Vid.
444 3431 506 3487 edit·
526 3433 602 3495 eius;
620 3432 718 3487 eadem
738 3431 868 3486 correctio
887 3431 957 3485 mihi
975 3432 1004 3486 in
1023 3436 1142 3487 mentem
1161 3432 1243 3486 venit.

321 3514 343 3583 ²)
364 3521 395 3575 In
423 3521 538 3576 articulo
557 3521 651 3575 hiatus
678 3517 731 3585 (εἴη
751 3515 766 3568 ὁ
788 3513 920 3584 ἐπαινῶν)
949 3521 1055 3574 nullam
1085 3519 1169 3574 habet
1195 3520 1386 3577 offensionem,
1416 3521 1449 3574 cl.

365 3608 520 3663 Schellens.:
549 3609 588 3662 De
610 3608 690 3662 hiatu
713 3625 741 3676 p.
768 3605 813 3669 12;
842 3606 962 3661 Sintenis
985 3607 1069 3674 Epist.
1097 3607 1132 3661 ad
1152 3606 1256 3676 Saupp.
1277 3624 1302 3676 p.
1322 3605 1388 3671 3283
1418 3608 1449 3663 G.

363 3697 520 3751 Herrmann
548 3701 644 3764 quaest.
672 3697 728 3751 crit.
755 3695 788 3749 de
812 3696 880 3750 Plut.
909 3694 977 3749 Mor.
1003 3698 1072 3763 part
1095 3695 1106 3748 l
1134 3711 1159 3762 p.
1186 3693 1229 3747 43.
1275 3695 1351 3750 Halia
1381 3695 1448 3750 San.

368 3783 450 3850 18r5;
469 3789 604 3852 praterea
619 3784 693 3839 inira
711 3800 737 3852 p.
749 3782 808 3838 730
828 3778 842 3832 ὁ
854 3776 973 3850 “Ἑιτυρ;
991 3799 1017 3851 p.
1029 3781 1085 3835 73r
1099 3774 1289 3850 Ἀγαμέμνονα
1300 3777 1315 3831 o‘
1326 3776 1448 3848 Νέστωρ.

321 3866 342 3934 ³)
364 3873 528 3939 Imprudens
555 3874 584 3927 in
610 3873 685 3927 hanc
714 3872 835 3926 alienam
864 3871 1048 3926 coniecturam
1071 3869 1167 3924 incidit
1190 3869 1309 3926 Cobetus
1328 3870 1449 3924 Mnemo-

364 3976 434 4029 syne
450 3959 484 4012 N.
496 3961 523 4014 S.
542 3963 598 4029 lp.
617 3959 681 4026 360;
700 3960 763 4015 Var.
782 3961 840 4013 lect·
852 3975 878 4027 p.
894 3957 953 4011 402.
970 3957 1062 4014 Verba
1081 3957 1140 4012 eius
1159 3964 1234 4011 sunt:
1255 3956 1450 4025 ‘opponuntur

365 4049 436 4103 inter
461 4066 491 4104 se
508 4043 557 4097 τὸν
575 4043 659 4113 ἀγρὸν
677 4041 853 4114 ἐγκωμιάζων
871 4052 897 4100 et
917 4035 1067 4110 ἄνθρωπον
1092 4042 1143 4100 (sic
1168 4045 1215 4100 ille
1243 4061 1293 4113 pro
1321 4045 1448 4100 codicum

363 4126 511 4200 ἄνθρωπος
530 4135 707 4190 scribendum
725 4151 787 4189 esse
802 4135 903 4195 censet)
922 4124 1043 4182 ἐπαινῶν
1061 4135 1087 4186 et
1105 4132 1250 4187 scitissime
1264 4134 1293 4186 in
1307 4133 1361 4187 hac
1376 4150 1448 4188 com·

364 4224 509 4292 paratione
536 4217 673 4290 ὠφέλιμοι
701 4228 745 4272 καὶ
776 4216 920 4287 πάμφορος
949 4220 1086 4275 adulatori
1119 4237 1187 4276 suus
1215 4237 1264 4276 rex
1292 4221 1448 4289 apellatur.'

363 4312 497 4366 Adulator
524 4315 550 4365 et
577 4328 626 4366 rex
653 4310 712 4365 eius
731 4326 845 4379 prorsus
864 4325 921 4363 non
940 4308 1076 4377 pertinent
1104 4308 1140 4363 ad
1168 4309 1243 4364 hunc
1269 4311 1371 4376 locum,
1399 4312 1447 4365 ubi

364 4399 479 4453 omnino
499 4398 532 4453 de
550 4401 647 4453 ellectu
666 4398 757 4452 laudis
777 4398 873 4464 quaerit
891 4397 970 4450 Bion.

1633 1619 1638 1716 ι
