3282 5146
916 443 957 506 38

252 519 309 697 A
357 634 416 717 μέν
432 629 490 698 ὀῦν
506 635 611 704 αὐτοῖς
625 633 661 698 τὸ
676 635 803 717 τεθῆναι
817 635 879 698 κτλ.
891 634 911 699 i.
925 654 952 698 e.
969 632 1046 698 »ubi
1060 632 1203 698 alterum
1217 632 1313 698 alteri
1326 633 1535 718 appositum

358 754 627 821 adulescentibus
667 775 765 820 voces
804 755 893 820 inter
932 775 966 819 se
1011 775 1198 839 repugnare
1243 753 1389 820 ostendit
1438 760 1529 819 cet«

356 876 472 944 Facile
500 875 545 941 ad
576 876 783 943 infinitivum
815 874 952 940 auditur
979 875 1034 946 τὰς
1066 876 1245 958 ἀντιλογίας.
1278 913 1319 922 -
1349 875 1452 951 Quod
1490 877 1532 940 in

357 998 461 1063 Turn.
496 1003 604 1063 exstat
637 997 696 1082 (τῷ
731 997 860 1080 τιθέναι)
898 997 970 1063 sine
1010 996 1113 1062 dubio
1153 997 1351 1062 coniecturae
1391 995 1532 1062 librarii

358 1117 501 1185 alicuius
522 1118 738 1197 tribendums
756 1123 842 1184 certe
865 1139 965 1183 sensu
987 1123 1085 1184 caret.

24 635 26 656 l

24 659 25 678 l

24 735 25 750 l

352 1411 389 1477 p.
413 1391 493 1459 20e
514 1390 602 1476 (cop.
627 1391 708 1474 IV).

441 1513 500 1576 ὅσα
524 1513 670 1597 όέἴρηται
691 1511 750 1594 μὲν
772 1511 899 1582 ἀτόπως
920 1511 1017 1583 εόθίις
1040 1513 1108 1575 dot
1129 1512 1250 1576 λέλυται
1271 1517 1365 1576 ταῦτα
1389 1512 1439 1575 ἀεῖ
1456 1519 1528 1584 τοῖς
1615 1509 1616 1562 l

360 1634 513 1716 ἀλλαχόθι
533 1633 615 1716 πρὸς
641 1633 819 1696 τούναντίον
844 1634 1018 1717 εἰρημένοις
1039 1635 1091 1697 ὑπ’
1116 1635 1221 1696 αὐτῶν
1243 1633 1445 1716 ἀνταναιρεῖν,
1473 1636 1524 1717 μὴ

357 1755 559 1837 ἀχθομένους
579 1761 626 1836 τῷ
646 1761 760 1837 ποιητῇ
780 1753 863 1837 μηδὲ
884 1755 1125 1837 χαλεπαίνοντας
1147 1754 1224 1818 ἀλλὰ
1246 1760 1309 1825 τοῖς
1331 1755 1364 1818 ἐν
1378 1756 1451 1837 ἤθει
1466 1757 1525 1819 καὶ

357 1876 434 1958 μετὰ
455 1876 582 1946 παιδιᾶς
602 1876 789 1958 λεγομένοις.
811 1913 853 1921 -
875 1875 1075 1960 Discrepant
1100 1875 1192 1955 libri;
1222 1881 1298 1960 post
1320 1876 1397 1939 ἀλλά
1425 1876 1526 1941 abest

357 1996 516 2062 articulus
538 1995 580 2061 ab
603 2017 672 2062 uno
695 1995 872 2062 deterrimo
895 1995 1141 2081 (Vuloobiano);
1164 2002 1325 2082 praeterea
1345 1997 1525 2063 Herohero

355 2120 438 2183 teste
461 2118 566 2184 codex
592 2118 714 2203 aliquis
743 2117 834 2202 (nam
856 2139 898 2183 ex
926 2124 1054 2183 annott.
1078 2119 1150 2182 eius
1179 2118 1301 2183 criticis
1331 2118 1525 2184 eiusmodi

357 2241 558 2324 quaestiones
570 2239 823 2305 diiudicarinon
831 2239 982 2325 possunt)
994 2261 1054 2325 pro
1062 2241 1240 2323 λεγομένοις
1252 2238 1310 2304 dat
1320 2240 1524 2322 λεγομένους.

356 2359 575 2427 Manifestum
603 2361 668 2426 loci
696 2361 827 2438 vitium,
858 2360 949 2444 quod
978 2359 1113 2425 subesse
1142 2360 1262 2425 docent
1289 2366 1322 2425 et
1349 2365 1525 2444 postrema

356 2482 459 2550 verba
474 2482 577 2547 huius
599 2482 766 2546 enuntiati
785 2481 875 2565 (ἀλλὰ
888 2519 928 2527 -
939 2482 1140 2564 λεγομένοις),
1163 2502 1239 2566 quae
1255 2502 1325 2566 quo
1343 2481 1524 2547 referenda

339 2605 425 2669 sint
446 2625 516 2669 non
538 2603 617 2669 satis
639 2602 852 2686 intellegitur,
876 2609 909 2667 et
930 2624 1073 2687 sequens
1096 2603 1200 2669 oratio
1224 2603 1342 2686 (εὐθύς,
1365 2605 1393 2665 εἰ
1412 2604 1523 2685 βούλει

354 2725 431 2809 κτλ.)
465 2724 637 2809 aliquanto
671 2723 788 2789 dunus
820 2723 988 2801 adiuncta,
1022 2723 1091 2788 iam
1118 2723 1175 2788 alii
1202 2724 1301 2788 multi
1330 2731 1521 2789 senserunt.

354 2885 396 2892 -
417 2846 574 2912 Reiskius
597 2851 672 2930 post
693 2846 872 2928 λεγομένοις
894 2845 1054 2910 excidisse
1077 2844 1205 2930 aliquid
1226 2844 1320 2912 velut
1341 2845 1524 2927 ἀγομένους

358 2973 418 3033 aut
448 2969 660 3050 τερπομένους
692 2973 752 3032 aut
787 2968 1003 3049 demoniacos
1036 2968 1168 3045 statuit,
1210 2967 1265 3032 oui
1302 2987 1370 3050 quo
1403 2967 1523 3032 minus

358 3089 536 3166 assentiar,
577 3087 719 3173 impedit
758 3087 812 3153 vel
851 3088 953 3152 totius
993 3087 1057 3153 loci
1096 3088 1196 3166 ratic,
1242 3088 1296 3152 oui
1336 3108 1405 3152 non
1445 3109 1523 3172 pro·

357 3210 505 3295 positum
550 3215 601 3274 est
642 3229 794 3286 monere,
846 3215 885 3273 ut
926 3209 1064 3274 lectores
1112 3209 1201 3274 »sine
1244 3209 1429 3274 offensione
1476 3209 1520 3273 iis

356 3330 535 3417 gaudeant,
569 3351 645 3415 quae
678 3335 784 3414 poetae
818 3329 913 3395 solito
945 3351 1038 3396 more
1071 3335 1104 3396 et
1136 3352 1195 3415 per
1223 3331 1336 3395 iocum
1365 3328 1518 3426 dicant<‹;

355 3452 628 3538 commemoratio
658 3472 783 3530 eorum,
813 3472 889 3536 quae
918 3473 978 3537 per
1005 3453 1118 3518 iocum
1140 3457 1173 3516 et
1194 3450 1290 3516 solito
1312 3472 1403 3516 more
1427 3450 1519 3516 dicta

355 3580 442 3654 sunt,
465 3575 545 3639 hino
564 3573 769 3639 alienissima
779 3579 837 3652 est,
860 3595 941 3638 nam
953 3575 982 3638 si
993 3594 1095 3638 sanus
1106 3573 1198 3638 locus
1210 3578 1304 3651 esset,
1323 3573 1395 3637 haec
1412 3572 1518 3639 verba

356 3695 432 3780 (τοῖς
460 3698 493 3760 έν
521 3698 593 3778 ἤθει
627 3696 680 3759 καὶ
712 3695 789 3777 μετὰ
822 3697 948 3766 παιδιᾶς
979 3693 1169 3777 λεγομένοις)
1204 3700 1291 3759 celte
1323 3693 1414 3758 idem
1446 3694 1517 3759 fere

354 3816 588 3901 significarent,
617 3793 709 3902 quod
738 3816 839 3902 paulo
866 3838 968 3902 supra
989 3816 1189 3881 Plutarchus
1219 3816 1345 3886 ἀτόπως
1366 3816 1515 3898 εἰρημένα

354 3936 508 4023 appellat,
539 3936 662 4021 quibus
684 3938 841 4003 lectorem
863 3937 1028 4016 delectari,
1059 3937 1190 4002 etiamsi
1211 3957 1271 4022 per
1292 3937 1404 4002 iocum
1426 3935 1516 4001 diota

354 4060 430 4137 sint,
465 4058 604 4123 nunime
637 4060 778 4144 cupit¹);
811 4059 900 4143 fugit
931 4059 994 4124 hoc
1023 4059 1135 4125 virum
1169 4058 1313 4123 doctum.
1365 4056 1516 4140 Wytten-

381 4326 404 4392 ¹)
424 4330 569 4398 Quomodo
596 4329 712 4384 iuvenes
739 4330 807 4384 talia
837 4329 962 4398 accipere
990 4329 1116 4390 debeant,
1145 4331 1273 4384 accurate
1295 4327 1425 4396 exposuit
1449 4327 1515 4382 alibi

424 4417 461 4485 (ρ.
479 4417 514 4471 26
524 4417 613 4479 a-b)‚
