3282 5146
876 459 916 522 44

318 653 419 718 Recte
431 651 710 736 Wyttenbachius
732 651 769 715 in
790 651 1006 716 annotatione
1029 651 1142 716 critica
1164 651 1305 716 miratur
1323 649 1360 714 in
1378 649 1487 734 scrip

317 781 394 838 tura
410 781 481 838 tam
497 779 611 858 aperte
628 780 783 858 corrupta
804 773 991 837 »neminem
1003 771 1164 838 editorem
1175 771 1258 856 quid
1269 771 1460 836 monuisse«
1474 793 1484 849 ;

318 917 394 980 quae
423 895 514 959 idem
542 915 573 959 v.
605 893 635 958 d.
665 895 702 957 in
734 893 1081 959 animadversionibus
1110 893 1154 958 ad
1183 892 1394 957 difficultates
1425 912 1486 956 ex-

317 1015 500 1102 pediendas
517 1015 726 1099 excogitavit,
744 1020 869 1099 augent
885 1014 1125 1093 contusionem,
1142 1035 1212 1080 non
1227 1013 1357 1079 tollunt.
1381 1013 1485 1078 Certe

317 1137 440 1204 vitium
461 1135 597 1220 aliquod
619 1136 699 1200 latet
720 1137 756 1200 in
774 1135 884 1201 verbis
902 1135 967 1200 illis
988 1136 1074 1219 παρὰ
1096 1143 1187 1200 τοῦτο
1207 1142 1377 1213 ποιοῦνται,
1401 1155 1484 1219 quaa

317 1258 447 1322 nullam
473 1256 630 1322 idoneam
657 1257 915 1342 explicationem
941 1258 1142 1342 permittunt
1174 1264 1207 1321 et
1227 1256 1321 1322 haud
1343 1256 1410 1322 scio
1433 1279 1485 1322 an

318 1379 486 1464 scripserit
507 1378 706 1443 Plutarchus
739 1379 832 1442 οὐδὲν
860 1378 946 1461 παρὰ
976 1385 1067 1442 τοῦτο
1094 1385 1271 1455 ποιοῦνται,·
1304 1378 1363 1444 sed
1395 1378 1484 1463 quid
1566 1365 1573 1374 ⁵

318 1501 405 1565 hanc
434 1500 573 1586 phrasin
602 1499 788 1584 significare
818 1505 979 1578 statuam,
1010 1500 1198 1564 accuratius
1227 1500 1479 1586 exponendum.

315 1621 413 1707 Saepe
436 1627 616 1686 occurrunt
637 1621 708 1685 eius
730 1620 823 1685 modi
844 1621 1036 1698 locutiones
1060 1621 1175 1705 quales
1197 1628 1277 1686 sunt
1295 1629 1385 1686 τοῦτο
1401 1626 1478 1706 παρ’

234 1756 237 1765 “
318 1744 430 1825 ὀλίγον,
453 1743 539 1825 παρὰ
561 1742 685 1825 μικρόν,
707 1745 780 1825 παρ’
806 1743 898 1806 οὐδὲν
914 1749 1065 1824 ποιοῦμαι
1075 1742 1108 1827 1),
1131 1743 1167 1806 in
1184 1741 1307 1826 quibus
1321 1745 1482 1808 ποιεῖσθαι

319 1863 508 1928 aestimandi
554 1863 832 1947 significationem
875 1862 991 1941 habet;
1033 1863 1123 1928 idem
1162 1871 1249 1929 certe
1288 1865 1325 1928 in
1363 1873 1481 1930 nostra

318 1985 433 2069 phrasi
453 1984 551 2061 valet,
585 1985 680 2048 cuius
703 1985 887 2050 admodum
908 2005 1017 2070 pauca
1039 1991 1171 2050 exstant
1193 1986 1360 2070 exempla;
1396 2008 1479 2051 nam

318 2111 438 2191 praeter
460 2125 508 2183 ea,
532 2126 607 2189 quae
629 2106 665 2169 in
687 2106 1034 2172 animadversionibus
1056 2106 1100 2170 ad
1120 2107 1153 2171 h.
1172 2107 1191 2171 l.
1213 2106 1309 2172 solita
1328 2107 1480 2174 doctrina

319 2227 526 2312 comparavit
546 2226 834 2311 Wyttenbachius,
865 2227 998 2292 nullum
1026 2249 1137 2311 neque
1165 2229 1202 2292 in
1230 2227 1344 2294 lexicis
1366 2250 1478 2314 neque

318 2347 397 2412 alibi
420 2348 549 2426 inveni;
573 2355 653 2413 sunt
674 2354 788 2413 autem
809 2350 895 2414 haec:
921 2348 1026 2414 Strab.
1042 2349 1159 2433 Geogr.
1173 2349 1231 2427 Vr,
1258 2354 1285 2428 1,
1305 2373 1336 2436 p.
1350 2355 1412 2416 254
1424 2351 1481 2418 C.:

284 2526 286 2530 .
318 2469 468 2553 Εροῦμεν
485 2470 519 2532 δὲ
536 2475 652 2539 κοινῶς
668 2472 688 2532 ἃ
705 2471 950 2553 παρειλήφαμεν,
973 2471 1066 2534 οὐδὲν
1082 2471 1168 2553 παρὰ
1185 2478 1276 2535 τοῦτο
1287 2473 1480 2557 ποιούμενοι,

317 2590 390 2660 τοὺς
418 2591 473 2673 τὴν
494 2591 666 2673 μεσόγαιαν
688 2593 859 2664 οἰκοῦντας,
887 2591 1072 2662 Λευκανούς
1097 2616 1129 2654 τε
1150 2591 1204 2656 καὶ
1225 2593 1297 2663 τοὺς
1318 2601 1482 2677 προσεχεῖς

319 2713 423 2781 αὐτοῖς
444 2712 613 2790 Σαονίτος;
643 2711 722 2776 ibid.
746 2711 839 2790 XIV,
862 2717 891 2790 5,
915 2735 946 2797 p.
970 2716 1046 2780 673:
1076 2714 1127 2777 διὰ
1156 2714 1190 2777 δὲ
1217 2717 1296 2778 τοῦτ’
1327 2715 1481 2779 αὐτὸκαὶ

315 2834 370 2917 τὴν
392 2834 427 2897 ἐκ
448 2840 502 2916 τῆς
520 2833 641 2903 Ῥοδίας
663 2834 822 2916 γραμμήν,
844 2836 883 2916 ἣν
904 2835 997 2916 μέχρι
1018 2841 1073 2898 τοῦ
1095 2835 1226 2899 Κύδνου
1248 2838 1478 2918 κατηγάγομεν,

315 2955 370 3037 τὴν
410 2955 507 3037 αὐτὴν
545 2955 762 3036 ἀποφαίνομεν
801 2963 839 3038 τῇ
875 2958 967 3038 μέχρι
998 2955 1108 3030 'louein
1143 2957 1236 3020 οὐδὲν
1268 2958 1355 3039 παρὰ
1387 2964 1480 3022 τοῦτο

315 3076 498 3157 ποιούμενοι
530 3077 591 3139 κτλ.
645 3075 729 3140 Inde
759 3098 779 3140 a
808 3077 1005 3142 Casaubono
1037 3077 1120 3141 illud
1151 3079 1243 3141 οὐδὲν
1271 3079 1358 3161 παρὰ
1386 3086 1480 3144 τοῦτο

316 3197 498 3278 ποιούμενοι
520 3217 663 3262 acumen
685 3197 851 3262 editorum
873 3205 906 3263 et
927 3199 1118 3264 criticorum
1139 3199 1338 3264 frustratum
1357 3207 1414 3278 est,
1439 3208 1479 3266 ut

316 3316 418 3381 altero
448 3317 519 3382 loco
548 3317 616 3402 (Vr,
642 3317 670 3402 1)
700 3319 801 3383 etiam
833 3340 923 3384 nexu
956 3321 1136 3388 vorborum
1168 3342 1237 3386 non
1270 3322 1350 3386 satis
1383 3321 1479 3386 intel-

315 3438 400 3503 lecto
416 3459 592 3524 perperam
608 3440 815 3506 accusativos
832 3448 1009 3526 sequentes
1021 3464 1112 3508 exeo
1124 3442 1269 3528 pendere
1281 3449 1476 3522 statuerent,

198 3554 201 3562 ’
316 3559 418 3624 altero
447 3561 526 3624 satis
553 3560 716 3626 haberent
742 3561 832 3628 idem
859 3563 996 3629 licenter
1018 3565 1237 3650 interpretari,
1266 3571 1305 3628 ut
1326 3564 1477 3649 aliquam

317 3680 434 3744 saltem
468 3681 624 3747 elicerent
662 3684 871 3750 sententiam.
932 3685 1008 3750 Hoc
1040 3685 1260 3770 Madvigium,
1300 3706 1368 3770 qua
1404 3692 1477 3751 erat

317 3801 506 3885 sagacitate,
539 3803 654 3868 tallere
687 3826 756 3869 non
788 3807 899 3891 potuit
908 3806 941 3891 ²),
975 3807 1034 3874 sed
1069 3806 1168 3885 idem,
1206 3828 1284 3872 eum
1317 3814 1350 3871 et
1381 3807 1474 3892 apud

317 3921 515 3988 Strabonem
545 3932 577 3989 et
598 3925 689 4011 apud
711 3925 931 3992 Plutarchum
957 3928 1120 3993 mendum
1141 3929 1370 4014 interpolatori
1391 3929 1474 3995 uitio

317 4044 419 4123 daret,
447 4046 548 4110 nimis
575 4046 733 4112 audacter
761 4047 886 4132 ubique
914 4056 1005 4112 τοῦτο
1028 4048 1129 4113 deleri
1151 4055 1184 4113 et
1205 4049 1476 4135 praepositionem

315 4169 402 4249 παρά
435 4187 513 4231 cum
545 4167 648 4234 verbo
680 4169 834 4252 sequenti
866 4169 902 4233 in
936 4190 1044 4258 unum
1074 4170 1210 4233 conflari
1239 4170 1343 4235 iussit.
1388 4170 1474 4236 Mihi

342 4342 364 4406 ¹)
384 4345 480 4414 Comp.
500 4347 567 4401 Plat.
587 4363 631 4400 res
648 4347 724 4414 publ.
743 4348 799 4402 Vlll
817 4364 843 4415 p.
863 4347 915 4401 546
934 4348 964 4402 d:
985 4343 1050 4412 παρ’
1069 4343 1185 4396 ἔλαττον
1204 4343 1382 4415 ἡγησάμενοι.

343 4430 364 4494 ²)
383 4433 498 4488 Advers.
517 4434 573 4486 crit·
592 4434 603 4486 I
621 4449 647 4500 p.
666 4433 726 4486 544.
