3282 5146
679 463 759 528 29'

86 658 88 661 ’
122 654 276 718 Primum
308 653 506 732 notandum,
542 675 584 719 ex
616 661 710 740 parte
750 654 784 720 C.
820 653 997 720 Halmium
1007 653 1030 737 1)
1069 654 1199 738 egregie
1232 653 1294 718 hio·

121 775 308 859 genuinam
328 776 518 841 restituisse
549 776 758 860 scripturam,
793 796 872 841 cum
905 796 965 860 pro
998 775 1089 858 ἦττον
1122 775 1289 840 coniceret

121 898 226 978 ἥττον’·
254 895 470 962 scribendum
500 917 586 974 esse;
616 896 740 961 tradita
769 917 870 962 sensu
900 903 1021 962 carent.
1074 895 1174 972 Quod
1207 916 1286 961 vero
1313 929 1315 932 ·

122 1016 214 1082 idem
245 1017 298 1083 vir
331 1017 448 1096 doctus
481 1018 518 1081 in
551 1018 790 1083 correctionem
818 1018 887 1083 iam
916 1016 959 1082 ab
988 1017 1164 1084 Meziriaco
1194 1037 1287 1082 occu·

121 1144 238 1222 petam
269 1107 422 1203 incidens
459 1138 495 1202 τὸ
527 1138 581 1203 τὸν
613 1140 684 1221 βίον
720 1140 888 1221 ἀτύφωτον
928 1139 1033 1202 ἀσκεῖν
1072 1137 1286 1204 scribendum

122 1280 194 1324 esse
211 1259 401 1344 suspicatur
409 1258 441 1343 ²),
460 1265 547 1324 certe
559 1265 656 1337 errat,
677 1259 890 1344 nequeenim
908 1259 1099 1325 coniectura
1116 1260 1188 1325 eius
1205 1257 1287 1322 diffi-

122 1379 282 1444 cultatem
311 1400 386 1444 eam
414 1379 509 1458 tollit,
540 1379 581 1445 de
611 1402 679 1465 qua
701 1367 804 1466 supra
823 1380 955 1446 locutus
978 1401 1062 1445 sum.
1107 1379 1286 1445 Librorum

122 1501 296 1585 scripturae
317 1522 388 1566 non
408 1501 494 1572 nihil
516 1479 702 1579 discedunt,
725 1500 761 1565 id
782 1499 874 1586 quod
896 1522 938 1566 ex
959 1501 1147 1578 editionum
1170 1499 1287 1565 discre-

122 1622 240 1707 pantia
257 1621 385 1707 colligo,
408 1643 489 1686 nam
506 1621 627 1687 diserte
638 1621 732 1688 nulla
743 1622 887 1688 varietas
899 1594 1049 1686 notatur,
1079 1621 1243 1686 Hercheri
1254 1628 1298 1686 et.

122 1742 346 1808 Bemardakis
357 1741 520 1808 editiones
532 1742 801 1826 ἀτύφωτον-(111111,
820 1764 936 1809 omnes
948 1743 1085 1827 reliques
1097 1744 1286 1826 ἀτρύφητον,

90 1853 93 1856 ’
122 1833 305 1948 utrumque
327 1865 413 1937 ἅπαξ
431 1865 608 1946 λεγόμενον,
631 1841 690 1929 sed
711 1863 855 1929 alterum
878 1863 1083 1949 (ἀτρύφητον)
1107 1863 1162 1930 vel
1184 1884 1223 1929 ea
1245 1863 1286 1928 de

122 2005 224 2050 causa
245 1984 452 2050 reiciendum
474 1991 566 2070 puto,
596 1984 688 2070 quod
715 1985 856 2072 scriptor
881 1985 984 2050 huius
1005 1984 1109 2050 libelli
1130 1985 1199 2049 iam
1221 1984 1286 2050 alio

121 2106 194 2171 loco
204 2105 228 2189 ³)
267 2104 307 2170 de
346 2105 540 2190 corporibus
576 2126 759 2191 puerorum
791 2101 965 2172 firmandis
997 2105 1286 2190 exercitandisque

58 2235 59 2238 ’
122 2226 216 2291 dixit.
283 2224 370 2291 Rem
397 2247 432 2291 se
457 2248 528 2292 non
556 2232 643 2292 recte
672 2225 796 2292 habere
824 2247 920 2312 pesse
943 2227 1135 2292 Hercherus
1157 2227 1286 2311 primus
1403 2263 1405 2270 ·

26 2351 31 2356 '
121 2348 208 2415 vidit
229 2347 320 2432 (nam
339 2347 465 2432 priores
487 2346 629 2412 editores
646 2347 735 2412 hanc
755 2347 987 2412 difficultatem
1004 2348 1103 2414 tacite
1116 2347 1286 2430 omittunt)

122 2477 155 2535 et
187 2471 225 2535 in
256 2475 369 2535 annot.
404 2468 518 2533 critica
551 2468 595 2533 ad
626 2468 718 2533 hune
752 2469 864 2534 locum
897 2468 1060 2534 mendum
1093 2468 1140 2533 sic
1172 2467 1286 2533 tollere

122 2598 271 2668 conatur,
311 2597 350 2655 ut
382 2596 516 2668 statuat,
550 2597 610 2656 aut
641 2589 854 2655 librariorum
887 2596 947 2655 aut
978 2589 1084 2674 ipsius
1117 2590 1286 2673 scriptoris

122 2711 273 2777 socordia
316 2711 477 2777 excidisse
522 2710 562 2776 de
599 2713 661 2794 βίῳ
694 2712 853 2794 uespere>
887 2711 1149 2796 disputationem
1185 2731 1287 2795 supra

123 2833 353 2916 significatam.
409 2832 509 2898 Hane
542 2833 758 2910 sententiam,
799 2853 903 2917 quam
936 2832 1042 2918 ipsius
1074 2832 1144 2896 tere
1176 2829 1287 2897 verbis

123 2954 267 3018 auctoris
297 2954 446 3038 exposui,
477 2953 692 3018 nullomodo
715 2952 1033 3038 probarepossum;
1063 2973 1173 3037 neque
1197 2953 1288 3018 enim

125 3079 175 3138 est
203 3094 263 3138 cur
291 3081 422 3140 tantam
450 3074 698 3159 neglegentiam
728 3075 881 3159 scriptori
902 3074 1118 3158 imputemus,
1149 3080 1188 3138 ut
1210 3095 1288 3138 eum

125 3193 369 3278 disputationis,
400 3195 504 3280 q'uam
526 3196 598 3280 ipse
628 3194 692 3259 sibi
721 3195 842 3260 diserte
872 3195 1082 3261 tractandam
1104 3195 1287 3280 proposuit,

124 3315 241 3399 paucis
253 3315 404 3381 versibus
416 3299 606 3394 interiectis,
616 3315 759 3381 oblitum
770 3337 841 3382 esse
853 3317 1094 3394 existimemus,
1103 3317 1289 3401 prasertim

87 3477 91 3486 κ
125 3427 204 3510 cum
233 3442 333 3520 neget
362 3457 396 3502 se
425 3436 490 3501 tale
524 3436 712 3521 quidquam
744 3439 935 3522 promisisse
967 3439 1050 3522 (περὶ
1076 3439 1196 3501 τούτων
1219 3438 1288 3518 γάρ,
1367 3491 1372 3500 .

19 3589 20 3592 “
125 3558 233 3640 ὥσπερ
266 3558 442 3639 ὑπεθέμην,
475 3559 569 3621 εἰπεῖν
600 3557 738 3640 λοιπόν);
772 3579 882 3642 neque
921 3558 1032 3623 hercle
1065 3556 1149 3622 illud
1182 3557 1289 3641 magis

125 3679 278 3743 animum
311 3676 470 3743 inducere
502 3699 650 3762 possum,
684 3685 722 3743 ut
755 3679 904 3757 credam,
945 3678 1158 3744 librariorum
1191 3677 1290 3762 culpa

126 3799 286 3864 excidisse
309 3799 402 3864 illam
425 3798 695 3885 disputationem,
726 3812 812 3864 nam¹
834 3806 903 3866 toto
931 3800 995 3864 hoc
1025 3799 1132 3884 capite
1154 3819 1289 3883 prorsus

126 3920 210 3985 nihil
245 3926 296 3986 est
329 3919 422 4005 quod
450 3919 608 3985 lacunam
637 3927 770 4019 arguat;
804 3921 923 3994 ¹omnia
952 3920 1077 4006 optime
1107 3920 1288 3999 cohaerent;

156 4258 178 4327 ¹)
200 4225 355 4318 zeitschrift
372 4265 389 4318 1.
410 4263 848 4319 d.A1thenhumswissenschaft.
869 4261 937 4318 1842
955 4280 981 4332 p.
1003 4262 1079 4318 roes.

155 4346 177 4415 ²)
195 4350 307 4424 Ibidem.

154 4434 176 4502 ³)
198 4437 237 4494 Cf.
256 4454 317 4507 cap.
336 4441 379 4494 XI.
