3282 5146
738 423 778 486 65

173 618 211 681 in
234 614 459 701 vituperando
481 613 670 679 libertatem
692 634 771 678 cum
793 612 1011 679 cervicalibus
1029 614 1210 679 mulierum
1229 615 1339 699 specie

173 737 289 804 solidis
312 737 486 822 capitique·
503 734 735 813 renitentibus
758 755 793 800 re
819 755 899 802 vera
917 734 1075 801 mollibus
1093 742 1125 800 et
1141 734 1337 800 cedentibus

173 859 391 944 comparavit,
432 856 543 924 verbis
576 878 678 942 supra
710 856 747 920 in
779 856 936 921 lemmate
970 855 1115 921 laudatis
1149 857 1338 922 accuratius

173 980 329 1058 ostendit,
347 977 612 1055 similitudinem,
631 999 699 1062 qua
717 998 798 1042 usus
816 984 874 1055 est,
893 985 1008 1063 aptam
1025 976 1187 1042 libertatis
1204 978 1339 1044 illorum

174 1101 341 1166 simulatae
368 1100 552 1184 imaginem
581 1098 790 1164 adumbrare.
853 1100 982 1164 Verum
1012 1100 1083 1164 eius
1112 1099 1205 1165 modi
1227 1099 1339 1164 simili-

174 1223 303 1288 tudinis
336 1227 506 1305 usurpatae
534 1219 712 1305 explicatio
740 1227 772 1284 et
799 1219 949 1285 defensio
978 1242 998 1285 a
1028 1221 1192 1306 particula
1220 1223 1338 1303 ὥσπερ,

174 1365 252 1428 quae
269 1344 342 1428 ipsa
361 1341 645 1427 comparationem
664 1341 804 1419 inducit,
828 1362 897 1406 non
914 1342 1061 1426 incipere
1080 1348 1202 1427 potest;
1227 1345 1337 1416 οὕτως,

175 1464 268 1550 quod
303 1464 461 1548 Empen‘o
471 1462 493 1546 1)
534 1463 669 1548 placuit,
711 1484 780 1527 non
819 1463 927 1546 magis
961 1464 1133 1528 sententiae
1167 1465 1337 1541 satisfacit,

1347 1557 1413 1618 illm
1432 1559 1468 1606 du
1490 1539 1634 1615 cadmei

175 1729 311 1786 censeo;
335 1707 381 1777 ὡς
403 1708 463 1788 γάρ
486 1711 519 1769 ct
540 1707 648 1786 ὥσπερ
671 1705 841 1770 interdum
863 1726 884 1770 a
902 1705 1045 1771 librariis
1067 1713 1202 1792 propter
1218 1647 1403 1807 littera-{if
1421 1652 1483 1703 'ii‘
1504 1671 1559 1748 7„
1599 1663 1607 1688 i

108 1670 112 1676 1
174 1608 251 1671 quae
285 1591 372 1650 certe
406 1585 560 1654 ὡσαύτως
589 1587 653 1688 Q>
686 1584 830 1668 flagitat,
872 1585 985 1669 itaque
1019 1584 1232 1650 scribendum
1267 1607 1338 1651 esse

173 1836 249 1894 tum
278 1827 543 1893 similitudinem.
562 1833 798 1912 permutantur
828 1826 922 1892 velut
948 1827 1034 1892 Plut.
1064 1828 1146 1892 Mor.
1176 1850 1207 1913 p.
1233 1832 1293 1895 135
1306 1828 1337 1906 d,
1389 1834 1396 1850 ‘

174 1950 235 2016 ubi
252 1950 289 2014 in
307 1947 477 2014 codicibus
497 1949 543 2019 ὡς
560 1950 620 2030 γάρ
636 1954 753 2025 exstat,
773 1947 930 2013 Reiskius
949 1955 1036 2013 recte
1056 1951 1164 2031 ὥσπερ
1184 1950 1337 2028 restituit

176 2073 249 2137 haec
266 2073 405 2136 fortasse
424 2070 533 2154 prima
551 2085 651 2133 causa
668 2076 739 2134 erat
750 2069 832 2134 citii.
879 2069 994 2134 Obiter
1006 2070 1338 2136 commemorandum

174 2193 275 2278 (fugit
312 2192 403 2256 enim
441 2191 505 2255 hoc
545 2190 771 2274 interpretesl-
792 2190 876 2254 illud
914 2191 1042 2272 μᾶλλον,
1083 2191 1174 2275 quod
1214 2192 1339 2257 claudit

173 2314 392 2380 enuntiatum
419 2311 629 2388 antecedens,
664 2311 857 2376 inusitatius
884 2312 995 2378 valere
1028 2333 1053 2391 (e
1082 2314 1267 2391 contrario,
1297 2315 1337 2378 ci.

173 2435 291 2501 Moral.
316 2457 347 2520 p.
371 2437 412 2500 53
425 2455 457 2511 e;
481 2432 599 2497 eadem
617 2432 860 2516 significatione
878 2433 1049 2498 interdum
1066 2435 1185 2500 Latine
1202 2436 1339 2520 ponitur

173 2556 374 2623 adverbium
401 2555 524 2638 ‘magis'
549 2554 642 2620 velut
660 2553 766 2618 Catul.
780 2557 830 2632 68,
854 2558 910 2633 30;
934 2556 1081 2641 Propert.
1106 2556 1148 2634 Π,
1172 2559 1192 2623 3
1211 2556 1261 2640 (4),
1281 2561 1337 2635 53,

174 2678 254 2744 Sall.
278 2678 350 2761 lug.
374 2681 425 2754 85,
449 2679 499 2753 49,
524 2675 578 2741 Or.
604 2676 705 2739 Macr.
732 2679 788 2753 17;
812 2675 883 2741 Liv.
908 2677 978 2754 XL,
1003 2681 1053 2756 20,
1077 2681 1105 2744 3.

113 2913 115 2918 ’
171 2935 206 2998 ρ.
232 2907 372 2998 59e-s
387 2908 475 2993 (cop.
502 2907 639 2989 XVII).

262 3030 454 3096 Hercherus
475 3028 599 3092 iniuria
615 3035 692 3113 post
707 3029 931 3112 ἐπιμελόμενον
950 3030 1113 3095 nonnulla
1132 3031 1339 3098 intercidisse

172 3160 288 3240 putat;
312 3151 437 3216 scilicet
459 3149 550 3235 quod
572 3148 616 3214 ad
634 3151 850 3236 participium
868 3154 1142 3234 προσποιούμενος
1160 3159 1193 3218 et
1209 3153 1341 3218 adiecti-

173 3297 259 3342 vum
291 3274 399 3346 δεινός,
432 3293 509 3356 quae
537 3270 710 3357 particulis
737 3273 822 3354 μὲν-
836 3273 871 3336 δέ
898 3273 1092 3339 coordinata
1114 3281 1201 3352 sunt,
1236 3275 1340 3338 mani-

173 3398 260 3462 festo
289 3392 444 3480 apodosis
473 3392 687 3457 desideretur.
744 3393 873 3458 Verum
901 3396 1015 3460 omnia
1044 3417 1126 3460 sana
1155 3404 1243 3474 sunt,
1277 3417 1339 3462 nec

175 3511 344 3583 sententia
363 3514 471 3579 ullum
489 3514 763 3599 supplementum
774 3516 928 3599 requirit;
951 3517 1069 3582 ielellit
1079 3517 1189 3582 virum
1203 3517 1339 3582 doctum

175 3660 246 3703 non
275 3637 477 3702 inusitatum
505 3634 729 3700 anacoluthiae
758 3657 874 3720 genus,
909 3658 989 3701 nam
1011 3636 1210 3702 Plutarchus
1239 3646 1341 3704 struc-

175 3767 261 3825 turae
278 3759 430 3843 inceptae,
448 3756 602 3843 pluribus
616 3757 814 3822 intermissis
828 3757 1187 3842 (ᾆξαι-ἐπιμελόμενον),
1205 3760 1338 3838 oblitus

177 3880 256 3946 inde
285 3901 305 3944 a
334 3879 431 3944 tertio
459 3876 611 3943 membro
644 3877 778 3961 (γονέων
801 3879 847 3962 δέ)
879 3880 1064 3944 orationem
1086 3881 1133 3945 ita
1156 3882 1339 3960 continuat,

178 4003 276 4086 quasi
298 4000 399 4086 paulo
427 4021 529 4085 supra
556 4000 899 4081 προσποιεῖται-δεινός
925 4001 986 4065 ἐστι
1014 4002 1197 4086 scripselit3
1232 4023 1339 4089 comp.

179 4122 290 4188 Madv.
316 4123 409 4207 Synt.
435 4122 491 4186 Gr.
515 4120 537 4206 ξ
559 4125 621 4188 216
644 4142 722 4185 ann.
748 4125 774 4186 1.

217 4406 237 4470 ¹)
258 4409 297 4465 Cf.
318 4409 459 4478 Opuscula
478 4411 537 4465 eius
556 4411 597 4464 ed.
618 4409 810 4464 Schneidewin
830 4426 856 4478 p.
876 4410 935 4463 324.
