3282 5146
864 469 905 532 62

307 657 457 723 Offendit
479 659 568 723 enim
597 660 702 724 oratio
724 659 907 724 admodum
930 659 1015 724 dura
1037 666 1069 724 et
1090 659 1260 744 impedita,
1290 681 1368 725 cum
1396 661 1470 726 sine

204 845 207 850 ,
306 779 374 844 ulla
390 781 585 846 necessitate
602 780 736 865 incepta
755 787 922 846 structura
943 780 1145 865 relinquitur
1167 781 1257 864 (nam
1279 781 1375 847 lacile
1392 781 1469 847 Plu-

305 902 449 980 1111011110,
484 902 513 966 01
546 902 715 979 voluisset,
749 904 829 967 ἔστιν
864 905 914 967 ὅτε
943 903 1126 985 διασύρουσι
1159 901 1301 967 scribere
1336 902 1467 987 potuit),

312 1021 433 1088 deinde
456 1023 569 1087 statim
591 1030 666 1108 post
688 1043 708 1086 a
736 1023 839 1089 verbo
861 1025 1064 1106 attexuntur
1086 1023 1256 1108 repetitur,
1287 1024 1385 1108 quasi
1407 1044 1478 1089 om-

311 1143 393 1209 nino
414 1165 483 1209 non
505 1144 693 1229 interrupta
715 1145 758 1209 sit
768 1143 800 1228 1),
826 1144 884 1210 sed
906 1146 1014 1230 magis
1036 1145 1138 1210 otiam
1161 1144 1244 1209 illud
1266 1169 1349 1218 ποτε,
1372 1145 1474 1229 quod,

311 1266 348 1342 si,
383 1271 420 1331 ut
442 1287 503 1350 par
525 1271 583 1343 est,
619 1264 737 1329 Latine
759 1265 918 1331 adverbio
944 1265 1132 1350 ,quondam‘
1157 1265 1338 1344 reddimus
1369 1287 1475 1332 sanus

310 1407 427 1451 sensus
456 1386 531 1451 elici
557 1408 626 1451 non
654 1393 777 1471 potcst;
807 1408 846 1451 ea
872 1393 986 1452 autem
1017 1388 1269 1472 significatione,
1292 1408 1396 1473 quam
1417 1388 1476 1453 hic

309 1508 437 1591 flagitat
463 1507 527 1572 loci
562 1508 737 1584 sententia,
764 1507 950 1588 ,interdum’
977 1507 1061 1587 dico,
1097 1509 1295 1575 adverbium
1327 1511 1412 1588 ποτέ,
1436 1511 1475 1574 ni

308 1628 413 1707 fallor,
425 1649 594 1713 nusquam
611 1630 758 1714 ponitur,
774 1629 840 1693 11101
851 1629 910 1693 ubi
921 1629 1010 1694 111101
1021 1651 1055 1694 00
1067 1630 1271 1716 respondent
1281 1655 1356 1694 ποτε
1366 1633 1426 1713 μέν
1438 1639 1473 1698 01

306 1775 382 1815 ποτε
404 1752 446 1814 δέ.
490 1750 561 1814 Nee
582 1750 690 1833 magis
712 1749 926 1814 Hercherum
948 1772 1067 1834 verum
1089 1752 1257 1817 invenisse
1279 1751 1386 1831 credo,
1410 1753 1472 1837 qui

307 1878 418 1959 spreta
450 1844 614 1956 Madvigii
643 1870 881 1936 emendatione
910 1871 1069 1937 audacter
1090 1879 1123 1937 01
1144 1873 1320 1938 infeliciter
1342 1875 1403 1957 ἤδη
1439 1875 1476 1938 δὲ

306 1994 359 2056 καὶ
382 1994 516 2076 ῥήτορος
537 1994 617 2056 ἔστιν
640 1995 673 2056 οἳ
691 1993 841 2075 κολακείᾳ
864 1994 1009 2076 διέσυρον
1031 1995 1208 2076 φιλόσοφον
1229 1995 1282 2057 καὶ
1303 1995 1390 2077 παρὰ
1410 2048 1416 2060 .
1437 2048 1443 2060 .
1465 2047 1473 2062 .

306 2115 527 2197 εὐδοκιμοῦσιν
556 2117 586 2178 οἱ
615 2115 669 2185 τὰς
698 2115 759 2177 κτλ.
789 2115 937 2180 coniecit.
968 2114 1191 2180 Bernardalris
1225 2115 1379 2200 denique,
1413 2118 1474 2202 qui

304 2237 410 2301 fretus
440 2236 605 2321 scriptura
629 2236 731 2300 unius
755 2235 877 2301 codicis
907 2236 1097 2322 interpolati
1108 2236 1131 2321 2)
1158 2237 1306 2301 κολακεία
1335 2238 1475 2320 διασύρει

305 2357 406 2436 dedit,
419 2366 579 2443 praeterea
591 2357 775 2422 Herecheri
788 2359 1026 2423 correctionem
1035 2359 1268 2440 (εὐδοκιμοῦσιν
1279 2359 1322 2442 οἳ)
1337 2367 1473 2424 secutus

304 2486 362 2558 001,
398 2501 467 2544 non
500 2479 607 2563 magis
636 2479 724 2542 mihi
754 2479 955 2542 sententiam
983 2500 1077 2544 suam
1113 2479 1276 2564 probavit.
1333 2479 1472 2559 Omitto,

303 2600 394 2685 quod
417 2601 581 2686 scriptura
600 2600 672 2663 eius
696 2600 895 2663 auctoritate
914 2599 1134 2664 incertissima
1153 2600 1288 2679 nititur;
1311 2601 1471 2666 articulus

302 2744 390 2801 vero,
414 2743 515 2806 quem
539 2742 617 2785 cum
648 2720 820 2785 Herchero
850 2729 926 2805 post
954 2722 1156 2804 εὐδοκιμοῦσι
1184 2722 1377 2808 interponit,
1402 2745 1473 2789 sen·

302 2866 377 2909 sum
389 2844 486 2910 valde
504 2841 628 2921 turbat,
652 2841 719 2908 nisi
737 2842 884 2908 absurde
903 2844 1082 2908 statuimus
1104 2842 1246 2909 verbum
1268 2844 1471 2926 εῦδοκιμοῦσι

300 2987 369 3030 non
392 2965 434 3030 do
455 2964 573 3029 eodem
594 2984 715 3048 genere
738 2963 952 3030 adulatorum
975 2971 1076 3049 atque
1099 2985 1148 3042 00,
1178 2963 1269 3048 quod
1291 2964 1393 3049 paulo
1416 2987 1468 3030 su-

302 3107 362 3172 pra
395 3092 687 3163 commemoratur,
721 3106 792 3151 osse
825 3085 962 3151 dictum.
1023 3085 1170 3150 Omnino
1205 3085 1465 3151 correctionibus

246 3271 259 3286 ,
302 3208 394 3273 locus
426 3229 496 3271 non
529 3213 612 3291 eget,
647 3205 748 3271 modo
771 3227 850 3271 cum
871 3207 1042 3292 Madvigio
1076 3208 1220 3290 διασῦραι
1252 3207 1289 3271 in
1321 3208 1465 3291 διασῦραι

303 3329 502 3412 corrigatur,
525 3349 606 3392 nam
630 3326 889 3412 explicationem
910 3327 1118 3412 probabilem
1140 3327 1289 3392 admittit
1311 3328 1466 3394 codicum

303 3451 481 3536 scriptura:
505 3449 719 3514 enuntiatum
742 3447 825 3512 illud
847 3450 909 3532 ἤδη
933 3487 974 3494 -
995 3451 1172 3532 φιλόσοφον
1193 3449 1378 3514 arctissime
1396 3471 1467 3515 sen-

302 3573 407 3638 tentia
445 3593 523 3636 cum
564 3569 840 3636 antecedentibus
879 3570 1037 3649 cohaeret3
1082 3569 1262 3636 verborum
1299 3577 1466 3639 structura

303 3693 402 3778 paulo
430 3692 544 3758 durior
574 3698 636 3762 001,
667 3713 747 3757 nam
778 3692 838 3755 οῦκ
867 3692 1054 3775 αἰσχύνομαι
1081 3691 1295 3756 anacoluthia
1317 3692 1466 3776 quadarn

303 3815 452 3900 primum
479 3835 557 3878 cum
584 3813 773 3898 participio,
806 3812 927 3878 deinde
956 3813 1078 3878 rariore
1107 3834 1170 3878 usu
1201 3813 1241 3897 (v.
1265 3814 1379 3878 AEsch.
1403 3814 1464 3898 Ag.

303 3940 374 4014 856,
408 3935 456 4000 Pl.
481 3935 614 4000 Charm.
647 3933 753 4017 16111)
788 3955 866 3999 011111
893 3934 1061 4000 infinitivo
1089 3935 1307 3999 coniunctum
1336 3943 1394 4014 est,
1430 3937 1466 4001 in

303 4058 391 4123 hanc
422 4058 490 4122 1010
523 4057 742 4129 sententiam:
787 4077 864 4136 ,non
898 4077 1075 4140 nunquam
1109 4056 1220 4134 etiam,
1254 4063 1293 4120 ut
1325 4057 1466 4122 rhetoris

1361 4200 1462 4207 ——.

332 4270 354 4337 ¹)
375 4272 479 4327 Eadem
498 4272 554 4326 fere
573 4270 687 4336 Pssugkii
705 4271 892 4327 emendationi
920 4261 1055 4320 11111νὸ11
1076 4265 1207 4318 κολακεία
1235 4265 1334 4334 διέσυρε
1362 4273 1465 4340 opponi

375 4364 503 4428 possunt;
522 4359 554 4413 01.
575 4357 731 4412 Zeitschriit
749 4359 766 4412 1.
787 4359 812 4413 d.
831 4359 1036 4414 Alterthumsw.
1075 4356 1142 4410 1818
1162 4374 1187 4425 p.
1208 4356 1267 4410 889.

331 4444 352 4512 ²)
375 4447 490 4503 Parisin.
513 4445 593 4510 1211;
612 4446 644 4500 01.
666 4445 740 4514 praei.
760 4446 823 4500 adit.
842 4447 903 4502 cius
922 4461 948 4513 p.
967 4445 1059 4500 XXIX·
