3306 5144
834 461 895 525 146

277 655 371 736 λόγον
410 653 659 737 ὕφηρπακότας’.
702 690 743 698 -
782 654 964 736 ἔμπροσθεν
1000 658 1087 716 recte
1121 651 1225 716 codex
1257 651 1300 728 B;
1341 650 1444 734 Vulgo

278 777 417 838 ὄπισθεν.

363 895 513 960 Chilonis
535 894 638 962 verba
658 895 828 959 illustrant
849 893 999 959 fabulam
1022 893 1123 979 paulo
1146 900 1223 958 ante
1252 892 1294 958 ab
1318 893 1447 978 AEsopo

277 1023 458 1096 narratam,
492 1038 560 1100 qua
589 1037 623 1080 se
653 1017 765 1102 ipsum
795 1036 873 1079 cum
901 1015 980 1100 lupo
1009 1021 1269 1100 comparaverat,
1300 1014 1447 1098 reliquos

278 1145 392 1204 autem
422 1139 581 1204 convivas
609 1159 686 1202 curn
714 1136 920 1223 pastoribus:
950 1142 988 1200 ut
1014 1137 1051 1200 hi
1073 1136 1163 1201 idem
1185 1137 1323 1214 iaciunt,
1353 1135 1447 1219 quod

282 1262 318 1324 in
351 1261 430 1345 lupo
465 1259 631 1344 indignati
660 1266 747 1337 sunt,
782 1259 829 1322 sic
855 1258 904 1322 illi
931 1279 1023 1322 nunc
1050 1258 1154 1322 aliurn
1182 1253 1447 1342 (Mnesiphilum)

280 1382 503 1468 interpellant,
533 1381 568 1445 id
596 1380 687 1464 quod
715 1381 750 1444 in
773 1380 899 1464 AEsopo
929 1379 1215 1464 reprehenderunt
1243 1379 1344 1465 paulo
1366 1385 1447 1443 ante

279 1503 329 1587 (cl.
353 1526 384 1589 p.
411 1507 471 1570 152
484 1502 524 1586 d).
566 1541 600 1548 —
633 1502 736 1566 Miror
763 1507 877 1565 autem
906 1499 1047 1565 editores
1076 1503 1209 1583 ἑτέρους,
1237 1500 1329 1585 quod
1357 1507 1446 1564 certe

282 1632 477 1710 corruptum
495 1630 553 1701 est,
577 1624 742 1689 intactum
764 1623 945 1706 reliquisse.
990 1621 1092 1686 Nulla
1114 1623 1204 1687 eninr
1227 1628 1297 1686 erat
1318 1621 1447 1706 AEsopo

281 1745 444 1829 querendi
484 1766 594 1823 causa,
636 1744 728 1829 quod
766 1743 903 1808 omnino
944 1742 1000 1806 alii
1039 1743 1075 1807 id
1114 1744 1254 1828 impune
1286 1744 1446 1821 lacerent,

279 1873 414 1952 proptor
441 1866 533 1950 quod
560 1866 661 1952 paulo
690 1871 768 1930 ante
790 1866 970 1949 castigatus
993 1870 1086 1943 esset,
1116 1865 1173 1929 sed
1196 1865 1287 1948 quod
1309 1865 1374 1950 ipsi
1396 1865 1447 1928 illi

280 1988 440 2065 convivae,
464 1987 522 2071 qui
545 1987 645 2072 paulo
667 1994 744 2052 ante
767 2008 802 2050 se
820 1987 1046 2070 castigassent,
1069 1993 1143 2050 tum
1160 1985 1249 2050 idern
1268 1993 1446 2071 peccatum

279 2110 315 2173 in
344 2129 378 2173 se
408 2108 639 2187 admitterent;
672 2109 745 2173 haec
774 2105 937 2192 querendi
964 2109 1052 2172 iusta
1080 2109 1111 2173 ei
1140 2129 1241 2173 causa
1269 2114 1347 2185 erat,
1382 2130 1447 2172 nec

235 2207 237 2218 Ι
279 2231 383 2294 ullam
416 2229 517 2294 aliam
550 2230 860 2316 interpretationem
892 2229 1007 2294 fabula
1040 2230 1111 2294 eius
1145 2229 1301 2294 admittit.
1364 2230 1446 2295 Sine

280 2351 382 2417 dubio
413 2373 491 2416 cum
515 2350 646 2416 Gertzio
676 2358 751 2438 post
779 2353 866 2434 ὁρῶν
895 2372 1080 2436 pronomen
1110 2353 1195 2433 ἡμᾶς
1217 2357 1276 2415 aut
1297 2351 1445 2415 inseren-

280 2475 362 2538 dum
392 2479 451 2537 ant
485 2471 693 2537 audiendum
727 2480 790 2550 est;
825 2473 953 2555 reliqua
985 2473 1124 2536 tortasse
1154 2473 1200 2536 sic
1230 2472 1445 2537 emendanda

280 2600 373 2659 sunt:
397 2644 403 2656 .
428 2644 434 2656 .
458 2644 464 2655 .
488 2595 623 2675 ἕτέροο1ς
645 2593 697 2656 τὸν
719 2593 931 2675 Μνησιφίλού]
954 2594 1048 2674 λόγον
1070 2595 1307 2676 ὑφηρπακότας.

276 2991 310 3054 ρ.
335 2970 547 3056 158ο(οορ.
572 2973 670 3055 XV).

366 3092 468 3156 δεινὸν
484 3093 544 3176 μὲν
562 3091 628 3166 οὖν,
652 3090 680 3155 ὦ
698 3095 805 3175 ἑταῖρε,
828 3093 881 3156 καὶ
899 3093 934 3155 τὸ
952 3095 1105 3176 γεωργίας
1121 3095 1207 3177 αὐτῇ.
1253 3095 1443 3180 ὁιαλνομένη

280 3212 340 3295 γὰρ
367 3211 461 3284 αὖθις
483 3214 641 3277 ἀπολείπει
664 3221 721 3296 γῆν
743 3217 818 3297 ἡμῖν
840 3215 990 3296 ἄμορφον
1011 3216 1064 3278 καὶ
1087 3217 1270 3298 ἀκάθαρτον
1292 3219 1354 3280 κτλ.

367 3335 555 3417 ὅιολοομένη
579 3335 616 3399 in
638 3334 805 3419 plerisque
827 3334 904 3399 libri
926 3342 1047 3413 exstat3
1079 3337 1262 3420 διολλυμένη
1286 3339 1323 3402 in
1344 3339 1381 3416 T,
1401 3340 1444 3418 V,

279 3455 321 3533 B;
349 3454 440 3520 idem
465 3454 690 3519 Bernardakis
718 3456 753 3518 in
783 3455 928 3521 editione
956 3457 1068 3541 posuit
1089 3458 1228 3522 tortasse
1250 3459 1446 3525 melioribus

281 3576 536 3641 auctoritatibus
576 3576 729 3641 nondum
769 3577 871 3661 vulgo
917 3579 1058 3662 cognitis
1097 3579 1216 3656 fretus,
1263 3586 1447 3666 utrumque

277 3695 357 3760 ferri
395 3679 511 3782 potest.
574 3698 730 3762 Ceterum
773 3704 882 3763 totum
915 3700 979 3764 hoc
1013 3707 1115 3784 caput
1148 3701 1316 3786 praeoipue
1349 3702 1447 3768 initio

277 3816 397 3881 misere
423 3817 552 3883 lacunis
584 3819 768 3884 maioribus
794 3819 1047 3905 minoribusque
1076 3820 1237 3900 abundat,
1277 3845 1344 3907 quo
1372 3824 1450 3890 vitii

277 3958 398 4023 genere
421 3938 523 4003 etiam
545 3960 586 4005 ea
608 3939 720 4019 verba,
750 3962 826 4024 quae
849 3963 950 4026 supra
972 3942 1140 4028 descripsi,
1164 3942 1332 4024 laborant;
1367 3967 1450 4010 nam

278 4079 555 4124 commemorasse
604 4061 805 4126 Cleodorum
837 4062 1005 4127 excidium
1039 4063 1260 4147 agriculturae,
1300 4087 1339 4130 ea
1371 4087 1450 4150 quae

278 4181 430 4266 proxime
447 4188 636 4266 sequuntur
662 4183 863 4268 (διαλυομένη
882 4185 942 4267 γὰρ
961 4183 1037 4266 κτλ.)
1061 4184 1239 4252 manifesto
1256 4187 1449 4254 ostendunt.

278 4301 446 4368 Intellexit
470 4303 538 4369 hoc
567 4302 751 4388 Xylander,
786 4305 844 4389 qui
880 4305 934 4372 vel
962 4309 1098 4389 propter
1127 4311 1330 4373 structuram
1357 4331 1451 4375 men-

279 4423 396 4490 dosam
422 4445 544 4510 parum
571 4423 802 4510 probabiliter:
833 4427 994 4509 γεωργίας.
1040 4426 1250 4512 διαλυομένης
1270 4432 1330 4514 γὰρ
1353 4435 1452 4517 αὐτῆς
