3306 5144
282 3686 292 3739 Ιλ

330 593 363 656 ρ.
386 572 529 640 cac-u
550 573 638 659 (cup.
664 574 744 657 XI).
776 565 778 570 ’

414 698 523 779 ’χάριεν
545 695 605 779 γὰρ
628 745 634 758 ,
658 745 664 758 .
689 744 695 758 .
718 744 726 758 .
748 694 910 778 καπηλείῳ
932 696 1029 780 γίγνῃ.

416 817 573 882 Reiskius
595 817 725 901 primus
747 815 869 882 vitium
891 816 1003 895 sensit,
1028 817 1087 884 sed
1107 817 1195 884 levia
1212 818 1284 884 eius
1301 826 1335 884 et
1353 817 1499 884 inconsi-

331 937 446 1004 derata
467 945 657 1004 commenta
686 940 729 1008 εἷς
757 937 792 1002 τὸ
822 939 995 1020 κατάγειον,
1024 940 1067 1010 εἰς
1095 939 1130 1004 τδ
1151 947 1338 1024 μαγειρεῖον,
1374 941 1417 1010 εἷς
1439 940 1500 1021 τὴν

331 1060 493 1144 κατήλπα,
516 1061 558 1130 εἰς
579 1059 614 1123 τὸ
637 1061 799 1124 ὀπτανεῖον
825 1079 903 1124 oum
921 1060 995 1146 ipsa
1012 1080 1046 1124 so
1064 1061 1226 1140 refellant,
1249 1062 1348 1128 tacite
1366 1061 1497 1125 omitto

331 1182 443 1252 Etiam
475 1181 755 1266 Wyttonbachius
801 1180 913 1258 haesit,
957 1180 1016 1246 sed
1054 1204 1158 1268 quam
1201 1182 1415 1249 commendat
1459 1183 1500 1246 in

331 1303 680 1370 animadversionibus
701 1303 922 1368 medicinam:
945 1303 1189 1389 interpretandi
1211 1307 1244 1369 ἐν
1261 1306 1422 1390 καπηλείῳ
1443 1304 1500 1386 ,ad

332 1429 540 1512 cauponam',
575 1425 668 1492 nulla
695 1432 754 1503 est,
786 1445 897 1509 neque
925 1426 1016 1490 enim
1046 1425 1114 1490 ulla
1147 1448 1248 1492 causa
1274 1427 1401 1506 fuisset,
1436 1448 1501 1492 cur

331 1547 489 1614 iuvenem
517 1548 598 1612 facti
627 1548 777 1634 puderet,
811 1547 840 1610 si
868 1567 947 1610 eum
977 1553 1071 1612 extra
1093 1568 1282 1635 cauponam
1303 1556 1499 1615 versantem

331 1669 543 1754 conspicatus
565 1675 651 1734 esset
672 1669 847 1754 Diogenes.
857 1667 881 1752 ¹)
935 1668 1011 1734 Hoc
1037 1689 1081 1733 ne
1108 1669 1221 1755 ipsum
1243 1669 1381 1754 quidem
1403 1671 1502 1756 Wyt-

332 1790 548 1856 tanbachium
580 1790 735 1856 fefellisse
764 1789 907 1857 videtur.
963 1788 1127 1875 Madvigii
1159 1790 1391 1876 emendatior),
1426 1813 1501 1876 qua

331 1919 421 1978 recta
438 1913 625 1978 restituitur
642 1913 816 1990 sententia,
840 1917 975 1998 propter
986 1912 1128 1978 nimiam
1140 1911 1317 1978 audaciam
1329 1913 1414 1978 mihi
1424 1935 1499 1979 non

331 2033 471 2112 arridet;
511 2033 700 2120 suspicatur
732 2034 824 2098 enirn
857 2033 1078 2116 καταφυγόντα
1112 2035 1226 2099 δἐἴοω.
1293 2033 1394 2118 ξὈσῳ,
1434 2036 1501 2118 γὰρ

331 2155 423 2229 εἶπεν,
451 2156 614 2239 ἐνδοτέρω1
646 2154 862 2221 scribendum
890 2176 971 2234 esse,
1000 2154 1116 2220 deletis
1138 2154 1311 2222 vocabulis
1332 2155 1368 2220 τὸ
1389 2180 1499 2239 καπη-

330 2277 420 2351 λεῖον,
453 2298 530 2362 quae
562 2275 683 2342 addita·
710 2277 785 2355 sint,
827 2298 906 2342 cum
934 2279 1008 2342 εἴσω
1038 2277 1074 2341 in
1103 2279 1145 2347 εἰς
1174 2284 1370 2364 corruptum
1398 2285 1497 2344 esset.

331 2398 498 2483 Equidem
528 2397 625 2464 oredo
654 2398 839 2484 simplicius
867 2404 900 2464 et
928 2397 1060 2464 facilius
1087 2399 1272 2483 genuinam
1294 2399 1500 2485 scripturam

332 2520 404 2585 erui
441 2541 554 2605 posse;
595 2540 675 2584 nam
715 2518 885 2584 intercidit
923 2519 1062 2584 fortasse
1101 2526 1177 2605 post
1216 2523 1259 2592 εἰς
1291 2521 1325 2584 τό
1358 2527 1499 2606 propter

331 2641 517 2707 litterarum
543 2639 659 2705 similit
660 2639 852 2705 udinem
820 2664 904 2704 εισω.
959 2640 1143 2728 Scripserat
1168 2642 1272 2726 igitur
1294 2641 1498 2708 Plutarchus

56 2793 73 2855 ΙΙ·
97 2769 119 2856 ,⁸⁵
146 2743 257 2852 '‘mis‘'
272 2747 336 2896 ὀη
331 2763 552 2846 καταφυγόντα
575 2761 700 2833 δεῖς
670 2786 705 2827 το
726 2764 835 2826 »einai«
856 2762 1053 2846 καπηλετον
1044 2784 1064 2827 1
1083 2784 1110 2827 c.
1132 2763 1352 2848 fugientem
1342 2785 1379 2829 111
1396 2764 1501 2830 inter

234 2851 259 2885 '⁸
300 2871 438 2949 liorem
470 2889 600 2968 partem
633 2904 804 2970 caupona,
838 2883 898 2950 ubi
930 2905 1001 2950 sese
1034 2905 1052 2950 e
1085 2884 1141 2950 via
1168 2906 1238 2951 non
1264 2885 1372 2951 videri
1398 2907 1499 2970 posse

333 3004 495 3089 speravit3
526 3025 632 3091 comp.
662 3004 767 3072 Thuo
796 3005 855 3085 III,
886 3010 923 3076 21
958 3006 1008 3070 διὰ
1039 3007 1116 3070 δέκα
1139 3007 1174 3070 δὲ
1196 3007 1357 3080 ἐπάλξεων
1378 3007 1499 3090 πύργοι

333 3124 413 3206 ἦσαν
444 3177 449 3189 .
475 3174 511 3187 ..
546 3126 705 3209 διήκοντες
735 3128 768 3197 ἔς
799 3151 831 3190 τε
863 3127 898 3191 τὸ
932 3129 996 3191 ἔσω
1028 3129 1178 3210 μέτωπον
1205 3129 1302 3194 αὐτοῦ
1331 3127 1418 3212 (scil.¹
1438 3135 1498 3194 τοῦ

331 3244 470 3331 τείχους).
528 3246 636 3312 Video
669 3247 914 3314 Bomardakim
947 3249 983 3313 in
1016 3270 1094 3314 ann.
1129 3249 1200 3316 crit.
1234 3248 1390 3317 editionis
1423 3271 1496 3314 suae

333 3368 512 3435 coniecisse
540 3370 583 3438 εἰς
611 3367 646 3433 τὸ
672 3369 843 3452 καπηλεῖον
870 3371 954 3444 εἴσω,
988 3370 1079 3454 quod
1107 3371 1189 3456 quid
1218 3372 1390 3457 significet,
1402 3394 1496 3452 „non

276 3489 497 3592 Αδαν-11980.
507 3488 655 3555 ——Unus
667 3496 827 3575 praterea
838 3491 1004 3577 scripulus
1016 3499 1133 3558 restat:
1146 3501 1281 3581 propter
1292 3492 1495 3560 antecedens

215 3587 222 3606 ⁸
280 3593 301 3682 s
333 3614 401 3695 ὅσῳ
417 3612 476 3678 vix
493 3610 699 3691 crediderim,
719 3611 940 3686 Plutarchum
960 3619 1038 3682 ante
1048 3616 1169 3697 μᾶλλον
1180 3615 1330 3682 omisisse
1342 3615 1493 3698 τοσούτῳ,

281 3746 283 3755 ¹
333 3732 593 3800 ouiusabsentia
608 3733 837 3799 membrorum
854 3734 1062 3800 concinnitas
1079 3735 1243 3802 turbatur.
1288 3735 1363 3802 Hoc
1380 3734 1497 3802 addito

333 3853 507 3920 sententiae
528 3854 613 3920 ratio
634 3855 720 3922 mihi
742 3863 893 3922 constare
914 3855 1056 3922 videtur.

368 4191 391 4260 ¹)
409 4194 509 4250 lisdem
538 4195 705 4261 argumentis
733 4213 767 4252 ea
789 4198 947 4253 coniectura
969 4197 1112 4264 refutatur,
1139 4212 1223 4266 quam
1247 4199 1321 4255 idem
1347 4202 1377 4256 in
1401 4207 1497 4256 annot.

411 4283 469 4338 cril-
488 4282 643 4351 proposuit:
662 4281 724 4333 etto
742 4277 790 4332 τοῦ
809 4280 968 4351 καπηλείαν.

368 4365 391 4435 ²)
409 4370 523 4426 Advers.
543 4370 600 4424 crit.
618 4371 629 4424 I
647 4387 672 4439 p.
692 4369 753 4425 619.
