<?xml version="1.0" encoding="UTF-8"?>
<!DOCTYPE html PUBLIC "-//W3C//DTD XHTML 1.0 Transitional//EN"
    "http://www.w3.org/TR/xhtml1/DTD/xhtml1-transitional.dtd">
<html xmlns="http://www.w3.org/1999/xhtml" xml:lang="en" lang="en">
 <head>
  <title>
</title>
<meta http-equiv="Content-Type" content="text/html;charset=utf-8" />
  <meta name='ocr-system' content='tesseract 3.04.00' />
  <meta name='ocr-capabilities' content='ocr_page ocr_carea ocr_par ocr_line ocrx_word'/>
</head>
<body>
  <div class='ocr_page' id='page_1' title='image "./studiacriticain00larsgoog_0158.png"; bbox 0 0 3306 5144; ppageno 0'>
   <div class='ocr_carea' id='block_1_1' title="bbox 723 400 782 464">
    <p class='ocr_par' dir='ltr' id='par_1_1' title="bbox 723 400 782 464">
     <span class='ocr_line' id='line_1_1' title="bbox 723 400 782 464; baseline 0 -1"><span class='ocrx_word' id='word_1_1' title='bbox 723 400 782 464; x_wconf 83' lang='lat'>151</span> 
     </span>
    </p>
   </div>
   <div class='ocr_carea' id='block_1_2' title="bbox 154 591 1408 2861">
    <p class='ocr_par' dir='ltr' id='par_1_2' title="bbox 154 591 1408 2861">
     <span class='ocr_line' id='line_1_2' title="bbox 251 591 1326 676; baseline 0 -18"><span class='ocrx_word' id='word_1_2' title='bbox 251 591 402 658; x_wconf 82' lang='lat' dir='ltr'><strong>Verbum</strong></span> <span class='ocrx_word' id='word_1_3' title='bbox 424 594 623 674; x_wconf 78' lang='grc' dir='ltr'><strong><em>ταράττουσιν</em></strong></span> <span class='ocrx_word' id='word_1_4' title='bbox 645 592 724 656; x_wconf 82' lang='lat' dir='ltr'>terri</span> <span class='ocrx_word' id='word_1_5' title='bbox 742 613 810 656; x_wconf 90' lang='lat' dir='ltr'>non</span> <span class='ocrx_word' id='word_1_6' title='bbox 830 613 926 676; x_wconf 87' lang='lat' dir='ltr'>posse</span> <span class='ocrx_word' id='word_1_7' title='bbox 945 592 1109 656; x_wconf 76' lang='lat' dir='ltr'>intellexit</span> <span class='ocrx_word' id='word_1_8' title='bbox 1125 593 1326 673; x_wconf 89' lang='lat' dir='ltr'>Hercherus,</span> 
     </span>
     <span class='ocr_line' id='line_1_3' title="bbox 165 712 1328 797; baseline 0.002 -21"><span class='ocrx_word' id='word_1_9' title='bbox 165 713 314 797; x_wconf 90' lang='lat' dir='ltr'>primum</span> <span class='ocrx_word' id='word_1_10' title='bbox 352 714 442 777; x_wconf 86' lang='lat' dir='ltr'>enirn</span> <span class='ocrx_word' id='word_1_11' title='bbox 475 713 656 777; x_wconf 88' lang='lat' dir='ltr'>interiectis</span> <span class='ocrx_word' id='word_1_12' title='bbox 695 712 805 779; x_wconf 88' lang='lat' dir='ltr'>verbis</span> <span class='ocrx_word' id='word_1_13' title='bbox 843 714 897 776; x_wconf 80' lang='lat' dir='ltr'>not</span> <span class='ocrx_word' id='word_1_14' title='bbox 930 715 1095 778; x_wconf 79' lang='grc' dir='ltr'><em>δαπανῶσι</em></span> <span class='ocrx_word' id='word_1_15' title='bbox 1127 713 1185 780; x_wconf 87' lang='lat' dir='ltr'>vix</span> <span class='ocrx_word' id='word_1_16' title='bbox 1217 714 1328 779; x_wconf 86' lang='lat' dir='ltr'>audiri</span> 
     </span>
     <span class='ocr_line' id='line_1_4' title="bbox 165 833 1325 921; baseline 0.002 -23"><span class='ocrx_word' id='word_1_17' title='bbox 165 841 275 919; x_wconf 91' lang='lat' dir='ltr'>potest</span> <span class='ocrx_word' id='word_1_18' title='bbox 313 855 354 898; x_wconf 86' lang='lat' dir='ltr'>ex</span> <span class='ocrx_word' id='word_1_19' title='bbox 392 833 618 919; x_wconf 90' lang='lat' dir='ltr'>superioribus</span> <span class='ocrx_word' id='word_1_20' title='bbox 655 834 698 899; x_wconf 93' lang='lat' dir='ltr'>ad</span> <span class='ocrx_word' id='word_1_21' title='bbox 730 836 929 917; x_wconf 83' lang='grc' dir='ltr'><strong><em>ταράττουσιν</em></strong></span> <span class='ocrx_word' id='word_1_22' title='bbox 962 856 1148 921; x_wconf 83' lang='lat' dir='ltr'>pronomen</span> <span class='ocrx_word' id='word_1_23' title='bbox 1181 837 1325 907; x_wconf 84' lang='grc' dir='ltr'><strong><em>ἒαυτούς;</em></strong></span> 
     </span>
     <span class='ocr_line' id='line_1_5' title="bbox 165 954 1324 1040; baseline 0.002 -21"><span class='ocrx_word' id='word_1_24' title='bbox 165 955 287 1020; x_wconf 93' lang='lat' dir='ltr'>deinde</span> <span class='ocrx_word' id='word_1_25' title='bbox 309 956 409 1040; x_wconf 77' lang='lat' dir='ltr'>friget</span> <span class='ocrx_word' id='word_1_26' title='bbox 426 955 528 1020; x_wconf 89' lang='lat' dir='ltr'>altero</span> <span class='ocrx_word' id='word_1_27' title='bbox 546 955 618 1020; x_wconf 93' lang='lat' dir='ltr'>loco</span> <span class='ocrx_word' id='word_1_28' title='bbox 630 954 890 1040; x_wconf 74' lang='lat' dir='ltr'>perturbationis</span> <span class='ocrx_word' id='word_1_29' title='bbox 906 956 1025 1020; x_wconf 88' lang='lat' dir='ltr'>iterata</span> <span class='ocrx_word' id='word_1_30' title='bbox 1043 957 1324 1036; x_wconf 76' lang='lat' dir='ltr'>commemoratio,</span> 
     </span>
     <span class='ocr_line' id='line_1_6' title="bbox 164 1076 1325 1162; baseline 0.001 -22"><span class='ocrx_word' id='word_1_31' title='bbox 164 1097 243 1140; x_wconf 84' lang='lat' dir='ltr'>curn</span> <span class='ocrx_word' id='word_1_32' title='bbox 283 1082 370 1140; x_wconf 86' lang='lat' dir='ltr'>certo</span> <span class='ocrx_word' id='word_1_33' title='bbox 413 1077 527 1141; x_wconf 88' lang='lat' dir='ltr'>animo</span> <span class='ocrx_word' id='word_1_34' title='bbox 568 1076 754 1162; x_wconf 90' lang='lat' dir='ltr'>perturbati</span> <span class='ocrx_word' id='word_1_35' title='bbox 791 1078 867 1155; x_wconf 89' lang='lat' dir='ltr'>sint,</span> <span class='ocrx_word' id='word_1_36' title='bbox 908 1077 1105 1161; x_wconf 88' lang='lat' dir='ltr'>priusquam</span> <span class='ocrx_word' id='word_1_37' title='bbox 1145 1079 1325 1162; x_wconf 89' lang='lat' dir='ltr'>pecuniam</span> 
     </span>
     <span class='ocr_line' id='line_1_7' title="bbox 163 1197 1325 1283; baseline 0.003 -22"><span class='ocrx_word' id='word_1_38' title='bbox 163 1198 308 1263; x_wconf 85' lang='lat' dir='ltr'>solvunt.</span> <span class='ocrx_word' id='word_1_39' title='bbox 319 1197 342 1280; x_wconf 85' lang='grc'>1)</span> <span class='ocrx_word' id='word_1_40' title='bbox 397 1198 571 1262; x_wconf 83' lang='lat' dir='ltr'>Hactenus</span> <span class='ocrx_word' id='word_1_41' title='bbox 604 1199 707 1282; x_wconf 86' lang='lat' dir='ltr'>igitur</span> <span class='ocrx_word' id='word_1_42' title='bbox 736 1198 946 1262; x_wconf 87' lang='lat' dir='ltr'>Hercherurn</span> <span class='ocrx_word' id='word_1_43' title='bbox 980 1220 1109 1283; x_wconf 89' lang='lat' dir='ltr'>sequor,</span> <span class='ocrx_word' id='word_1_44' title='bbox 1144 1198 1202 1264; x_wconf 90' lang='lat' dir='ltr'>sed</span> <span class='ocrx_word' id='word_1_45' title='bbox 1233 1199 1325 1283; x_wconf 92' lang='lat' dir='ltr'>quod</span> 
     </span>
     <span class='ocr_line' id='line_1_8' title="bbox 162 1318 1324 1396; baseline 0.001 -13"><span class='ocrx_word' id='word_1_46' title='bbox 162 1319 253 1384; x_wconf 87' lang='lat' dir='ltr'>idem</span> <span class='ocrx_word' id='word_1_47' title='bbox 291 1320 344 1386; x_wconf 88' lang='lat' dir='ltr'>vir</span> <span class='ocrx_word' id='word_1_48' title='bbox 384 1318 500 1384; x_wconf 90' lang='lat' dir='ltr'>doctus</span> <span class='ocrx_word' id='word_1_49' title='bbox 539 1320 680 1384; x_wconf 89' lang='lat' dir='ltr'>coniecit</span> <span class='ocrx_word' id='word_1_50' title='bbox 713 1318 927 1384; x_wconf 89' lang='lat' dir='ltr'>scribendum</span> <span class='ocrx_word' id='word_1_51' title='bbox 961 1341 1031 1384; x_wconf 89' lang='lat' dir='ltr'>esse</span> <span class='ocrx_word' id='word_1_52' title='bbox 1063 1321 1116 1383; x_wconf 80' lang='grc' dir='ltr'><strong><em>καὶ</em></strong></span> <span class='ocrx_word' id='word_1_53' title='bbox 1148 1322 1324 1396; x_wconf 76' lang='grc' dir='ltr'><strong><em>σιταάῶσιν,</em></strong></span> 
     </span>
     <span class='ocr_line' id='line_1_9' title="bbox 161 1439 1324 1526; baseline 0.003 -22"><span class='ocrx_word' id='word_1_54' title='bbox 161 1462 281 1525; x_wconf 88' lang='lat' dir='ltr'>parurn</span> <span class='ocrx_word' id='word_1_55' title='bbox 309 1439 411 1505; x_wconf 91' lang='lat' dir='ltr'>habet</span> <span class='ocrx_word' id='word_1_56' title='bbox 440 1439 692 1525; x_wconf 78' lang='lat' dir='ltr'>probabilitatis.</span> <span class='ocrx_word' id='word_1_57' title='bbox 722 1479 763 1486; x_wconf 90' lang='lat'><em>—</em></span> <span class='ocrx_word' id='word_1_58' title='bbox 790 1442 943 1507; x_wconf 79' lang='lat' dir='ltr'>Fortasse</span> <span class='ocrx_word' id='word_1_59' title='bbox 972 1441 1103 1526; x_wconf 83' lang='lat' dir='ltr'>scripsit</span> <span class='ocrx_word' id='word_1_60' title='bbox 1124 1442 1324 1507; x_wconf 87' lang='lat' dir='ltr'>Plutarchus</span> 
     </span>
     <span class='ocr_line' id='line_1_10' title="bbox 160 1563 1324 1646; baseline 0.002 -21"><span class='ocrx_word' id='word_1_61' title='bbox 160 1563 215 1625; x_wconf 82' lang='grc' dir='ltr'><strong><em>καὶ</em></strong></span> <span class='ocrx_word' id='word_1_62' title='bbox 232 1563 414 1626; x_wconf 79' lang='grc' dir='ltr'><strong><em>δαπανῶσιν</em></strong></span> <span class='ocrx_word' id='word_1_63' title='bbox 432 1565 628 1644; x_wconf 84' lang='grc' dir='ltr'><strong><em>καταράτους</em></strong></span> <span class='ocrx_word' id='word_1_64' title='bbox 643 1564 727 1634; x_wconf 86' lang='grc' dir='ltr'><strong><em>τινὰς</em></strong></span> <span class='ocrx_word' id='word_1_65' title='bbox 744 1565 786 1633; x_wconf 83' lang='grc' dir='ltr'>εἷς</span> <span class='ocrx_word' id='word_1_66' title='bbox 804 1564 940 1646; x_wconf 79' lang='grc' dir='ltr'><strong><em>ἀγύρτας</em></strong></span> <span class='ocrx_word' id='word_1_67' title='bbox 952 1564 1005 1626; x_wconf 80' lang='grc' dir='ltr'><strong><em>καὶ</em></strong></span> <span class='ocrx_word' id='word_1_68' title='bbox 1018 1564 1132 1646; x_wconf 86' lang='grc' dir='ltr'><strong><em>γόητας</em></strong></span> <span class='ocrx_word' id='word_1_69' title='bbox 1139 1564 1324 1646; x_wconf 74' lang='grc' dir='ltr'><strong><em>ἐμπεσόντες</em></strong></span> 
     </span>
     <span class='ocr_line' id='line_1_11' title="bbox 160 1682 1322 1768; baseline 0.003 -22"><span class='ocrx_word' id='word_1_70' title='bbox 160 1684 314 1766; x_wconf 75' lang='grc' dir='ltr'><strong><em>λέγοντας.</em></strong></span> <span class='ocrx_word' id='word_1_71' title='bbox 370 1683 463 1748; x_wconf 82' lang='lat' dir='ltr'>Conf.</span> <span class='ocrx_word' id='word_1_72' title='bbox 499 1682 539 1746; x_wconf 93' lang='lat' dir='ltr'>de</span> <span class='ocrx_word' id='word_1_73' title='bbox 575 1684 817 1767; x_wconf 82' lang='lat' dir='ltr'>significatione</span> <span class='ocrx_word' id='word_1_74' title='bbox 850 1684 1007 1750; x_wconf 84' lang='lat' dir='ltr'>adiectivi</span> <span class='ocrx_word' id='word_1_75' title='bbox 1034 1686 1209 1768; x_wconf 85' lang='grc' dir='ltr'><strong><em>κατάρατος</em></strong></span> <span class='ocrx_word' id='word_1_76' title='bbox 1235 1685 1322 1750; x_wconf 89' lang='lat' dir='ltr'>Plut.</span> 
     </span>
     <span class='ocr_line' id='line_1_12' title="bbox 160 1801 1408 1904; baseline 0.002 -36"><span class='ocrx_word' id='word_1_77' title='bbox 160 1805 276 1870; x_wconf 88' lang='lat' dir='ltr'>Pericl.</span> <span class='ocrx_word' id='word_1_78' title='bbox 312 1826 338 1869; x_wconf 93' lang='lat' dir='ltr'>c.</span> <span class='ocrx_word' id='word_1_79' title='bbox 370 1805 433 1883; x_wconf 91' lang='lat' dir='ltr'>VI;</span> <span class='ocrx_word' id='word_1_80' title='bbox 467 1804 582 1868; x_wconf 91' lang='lat' dir='ltr'>Moral.</span> <span class='ocrx_word' id='word_1_81' title='bbox 613 1828 644 1890; x_wconf 92' lang='lat' dir='ltr'>p.</span> <span class='ocrx_word' id='word_1_82' title='bbox 677 1805 744 1884; x_wconf 80' lang='lat' dir='ltr'>5b3</span> <span class='ocrx_word' id='word_1_83' title='bbox 780 1805 820 1869; x_wconf 91' lang='lat' dir='ltr'>de</span> <span class='ocrx_word' id='word_1_84' title='bbox 853 1804 1033 1871; x_wconf 83' lang='lat' dir='ltr'>verborum</span> <span class='ocrx_word' id='word_1_85' title='bbox 1066 1805 1182 1870; x_wconf 90' lang='lat' dir='ltr'>ordine</span> <span class='ocrx_word' id='word_1_86' title='bbox 1215 1801 1322 1892; x_wconf 79' lang='lat' dir='ltr'>comp,</span> <span class='ocrx_word' id='word_1_87' title='bbox 1404 1895 1408 1904; x_wconf 31' lang='grc' dir='ltr'>Ι</span> 
     </span>
     <span class='ocr_line' id='line_1_13' title="bbox 159 1925 1322 2012; baseline 0.003 -22"><span class='ocrx_word' id='word_1_88' title='bbox 159 1927 272 1993; x_wconf 89' lang='lat' dir='ltr'>Madv.</span> <span class='ocrx_word' id='word_1_89' title='bbox 303 1928 396 2012; x_wconf 83' lang='lat' dir='ltr'>Synt.</span> <span class='ocrx_word' id='word_1_90' title='bbox 427 1926 482 1991; x_wconf 87' lang='lat' dir='ltr'>Gr.</span> <span class='ocrx_word' id='word_1_91' title='bbox 511 1926 534 2012; x_wconf 64' lang='grc' dir='ltr'><strong><em>ξ</em></strong></span> <span class='ocrx_word' id='word_1_92' title='bbox 561 1931 650 2007; x_wconf 89' lang='lat' dir='ltr'>80c;</span> <span class='ocrx_word' id='word_1_93' title='bbox 685 1927 791 2010; x_wconf 83' lang='lat' dir='ltr'>Kriig.</span> <span class='ocrx_word' id='word_1_94' title='bbox 817 1927 872 1990; x_wconf 83' lang='lat' dir='ltr'>Gr.</span> <span class='ocrx_word' id='word_1_95' title='bbox 898 1927 953 1990; x_wconf 83' lang='lat' dir='ltr'>Gr.</span> <span class='ocrx_word' id='word_1_96' title='bbox 977 1925 999 2011; x_wconf 66' lang='grc' dir='ltr'>ξ</span> <span class='ocrx_word' id='word_1_97' title='bbox 1022 1930 1072 2004; x_wconf 86' lang='grc'>68,</span> <span class='ocrx_word' id='word_1_98' title='bbox 1096 1931 1125 2004; x_wconf 83' lang='lat'>4,</span> <span class='ocrx_word' id='word_1_99' title='bbox 1150 1931 1183 2006; x_wconf 81' lang='lat'>2;</span> <span class='ocrx_word' id='word_1_100' title='bbox 1217 1927 1322 1994; x_wconf 88' lang='lat' dir='ltr'>eiusd.</span> 
     </span>
     <span class='ocr_line' id='line_1_14' title="bbox 159 2047 1322 2127; baseline 0.002 -15"><span class='ocrx_word' id='word_1_101' title='bbox 159 2055 273 2113; x_wconf 88' lang='lat' dir='ltr'>annot.</span> <span class='ocrx_word' id='word_1_102' title='bbox 304 2048 347 2112; x_wconf 88' lang='lat' dir='ltr'>ad</span> <span class='ocrx_word' id='word_1_103' title='bbox 377 2049 481 2113; x_wconf 89' lang='lat' dir='ltr'>Thuc.</span> <span class='ocrx_word' id='word_1_104' title='bbox 514 2049 538 2126; x_wconf 72' lang='grc' dir='ltr'>Ι,</span> <span class='ocrx_word' id='word_1_105' title='bbox 570 2054 599 2126; x_wconf 83' lang='grc'>3,</span> <span class='ocrx_word' id='word_1_106' title='bbox 629 2052 663 2127; x_wconf 77' lang='lat'>43</span> <span class='ocrx_word' id='word_1_107' title='bbox 698 2049 784 2112; x_wconf 83' lang='lat' dir='ltr'>Xan.</span> <span class='ocrx_word' id='word_1_108' title='bbox 808 2047 915 2112; x_wconf 80' lang='lat' dir='ltr'>Anab.</span> <span class='ocrx_word' id='word_1_109' title='bbox 940 2048 982 2126; x_wconf 87' lang='lat' dir='ltr'>ll,</span> <span class='ocrx_word' id='word_1_110' title='bbox 1006 2048 1031 2124; x_wconf 88' lang='lat' dir='ltr'>l,</span> <span class='ocrx_word' id='word_1_111' title='bbox 1062 2051 1115 2125; x_wconf 75' lang='lat'>11,</span> <span class='ocrx_word' id='word_1_112' title='bbox 1151 2049 1322 2114; x_wconf 88' lang='lat' dir='ltr'>Demosth.</span> 
     </span>
     <span class='ocr_line' id='line_1_15' title="bbox 160 2169 1324 2255; baseline 0 -21"><span class='ocrx_word' id='word_1_113' title='bbox 160 2169 219 2247; x_wconf 88' lang='lat' dir='ltr'>VI,</span> <span class='ocrx_word' id='word_1_114' title='bbox 243 2175 280 2248; x_wconf 74' lang='lat'>8,</span> <span class='ocrx_word' id='word_1_115' title='bbox 304 2170 391 2234; x_wconf 92' lang='lat' dir='ltr'>Plut.</span> <span class='ocrx_word' id='word_1_116' title='bbox 415 2169 526 2255; x_wconf 92' lang='lat' dir='ltr'>Pelop.</span> <span class='ocrx_word' id='word_1_117' title='bbox 551 2170 732 2254; x_wconf 88' lang='lat' dir='ltr'>cap.XVI;</span> <span class='ocrx_word' id='word_1_118' title='bbox 757 2170 871 2234; x_wconf 90' lang='lat' dir='ltr'>Moral.</span> <span class='ocrx_word' id='word_1_119' title='bbox 896 2191 926 2254; x_wconf 91' lang='lat' dir='ltr'>p.</span> <span class='ocrx_word' id='word_1_120' title='bbox 949 2173 1007 2236; x_wconf 72' lang='lat'>147</span> <span class='ocrx_word' id='word_1_121' title='bbox 1021 2191 1049 2233; x_wconf 92' lang='lat' dir='ltr'>a.</span> <span class='ocrx_word' id='word_1_122' title='bbox 1095 2170 1224 2235; x_wconf 88' lang='lat' dir='ltr'>Verum</span> <span class='ocrx_word' id='word_1_123' title='bbox 1246 2192 1324 2235; x_wconf 90' lang='lat' dir='ltr'>cum</span> 
     </span>
     <span class='ocr_line' id='line_1_16' title="bbox 158 2285 1324 2377; baseline 0.002 -23"><span class='ocrx_word' id='word_1_124' title='bbox 158 2313 227 2355; x_wconf 90' lang='lat' dir='ltr'>non</span> <span class='ocrx_word' id='word_1_125' title='bbox 246 2291 361 2375; x_wconf 83' lang='lat' dir='ltr'>negari</span> <span class='ocrx_word' id='word_1_126' title='bbox 381 2293 495 2376; x_wconf 87' lang='lat' dir='ltr'>possit,</span> <span class='ocrx_word' id='word_1_127' title='bbox 518 2285 789 2377; x_wconf 85' lang='lat' dir='ltr'>praepositionem</span> <span class='ocrx_word' id='word_1_128' title='bbox 810 2290 846 2354; x_wconf 89' lang='lat' dir='ltr'>in</span> <span class='ocrx_word' id='word_1_129' title='bbox 863 2312 962 2375; x_wconf 88' lang='lat' dir='ltr'>prosa</span> <span class='ocrx_word' id='word_1_130' title='bbox 979 2290 1127 2355; x_wconf 90' lang='lat' dir='ltr'>oratione</span> <span class='ocrx_word' id='word_1_131' title='bbox 1139 2290 1324 2356; x_wconf 88' lang='lat' dir='ltr'>admodum</span> 
     </span>
     <span class='ocr_line' id='line_1_17' title="bbox 158 2411 1322 2497; baseline 0.001 -21"><span class='ocrx_word' id='word_1_132' title='bbox 158 2435 233 2476; x_wconf 90' lang='lat' dir='ltr'>raro</span> <span class='ocrx_word' id='word_1_133' title='bbox 267 2413 354 2476; x_wconf 92' lang='lat' dir='ltr'>inter</span> <span class='ocrx_word' id='word_1_134' title='bbox 386 2412 590 2478; x_wconf 88' lang='lat' dir='ltr'>adiectivum</span> <span class='ocrx_word' id='word_1_135' title='bbox 623 2418 657 2476; x_wconf 87' lang='lat' dir='ltr'>et</span> <span class='ocrx_word' id='word_1_136' title='bbox 689 2411 938 2477; x_wconf 89' lang='lat' dir='ltr'>substantivum</span> <span class='ocrx_word' id='word_1_137' title='bbox 972 2413 1149 2497; x_wconf 93' lang='lat' dir='ltr'>interponi,</span> <span class='ocrx_word' id='word_1_138' title='bbox 1183 2414 1322 2478; x_wconf 83' lang='lat' dir='ltr'>tortasse</span> 
     </span>
     <span class='ocr_line' id='line_1_18' title="bbox 158 2533 1323 2616; baseline 0.001 -20"><span class='ocrx_word' id='word_1_139' title='bbox 158 2535 281 2598; x_wconf 88' lang='lat' dir='ltr'>rectius</span> <span class='ocrx_word' id='word_1_140' title='bbox 322 2533 414 2597; x_wconf 88' lang='lat' dir='ltr'>locus</span> <span class='ocrx_word' id='word_1_141' title='bbox 445 2534 492 2597; x_wconf 88' lang='lat' dir='ltr'>sio</span> <span class='ocrx_word' id='word_1_142' title='bbox 520 2533 732 2597; x_wconf 87' lang='lat' dir='ltr'>emendatur:</span> <span class='ocrx_word' id='word_1_143' title='bbox 766 2534 819 2596; x_wconf 87' lang='grc' dir='ltr'><strong><em>καὶ</em></strong></span> <span class='ocrx_word' id='word_1_144' title='bbox 849 2535 1032 2596; x_wconf 79' lang='grc' dir='ltr'><strong><em>δαπανῶσιν</em></strong></span> <span class='ocrx_word' id='word_1_145' title='bbox 1059 2535 1101 2604; x_wconf 87' lang='grc' dir='ltr'>εἰς</span> <span class='ocrx_word' id='word_1_146' title='bbox 1128 2537 1323 2616; x_wconf 87' lang='grc' dir='ltr'><strong><em>καταράτους</em></strong></span> 
     </span>
     <span class='ocr_line' id='line_1_19' title="bbox 155 2655 1323 2740; baseline 0.001 -22"><span class='ocrx_word' id='word_1_147' title='bbox 155 2656 239 2725; x_wconf 84' lang='grc' dir='ltr'><strong><em>τινὰς</em></strong></span> <span class='ocrx_word' id='word_1_148' title='bbox 268 2656 404 2736; x_wconf 83' lang='grc' dir='ltr'><strong><em>ἀγύρτας</em></strong></span> <span class='ocrx_word' id='word_1_149' title='bbox 426 2656 488 2718; x_wconf 79' lang='grc' dir='ltr'><strong><em>κτλ.</em></strong></span> <span class='ocrx_word' id='word_1_150' title='bbox 541 2655 630 2719; x_wconf 84' lang='lat' dir='ltr'>Fieri</span> <span class='ocrx_word' id='word_1_151' title='bbox 659 2661 777 2740; x_wconf 89' lang='lat' dir='ltr'>potest,</span> <span class='ocrx_word' id='word_1_152' title='bbox 811 2660 850 2718; x_wconf 91' lang='lat' dir='ltr'>ut</span> <span class='ocrx_word' id='word_1_153' title='bbox 876 2656 999 2719; x_wconf 88' lang='lat' dir='ltr'>omissa</span> <span class='ocrx_word' id='word_1_154' title='bbox 1028 2656 1217 2740; x_wconf 87' lang='lat' dir='ltr'>praepositio</span> <span class='ocrx_word' id='word_1_155' title='bbox 1245 2661 1323 2720; x_wconf 88' lang='lat' dir='ltr'>ante</span> 
     </span>
     <span class='ocr_line' id='line_1_20' title="bbox 154 2776 1203 2861; baseline 0.001 -22"><span class='ocrx_word' id='word_1_156' title='bbox 154 2778 350 2857; x_wconf 82' lang='grc' dir='ltr'><strong><em>καταράτους</em></strong></span> <span class='ocrx_word' id='word_1_157' title='bbox 372 2776 447 2860; x_wconf 90' lang='lat' dir='ltr'>ipsa</span> <span class='ocrx_word' id='word_1_158' title='bbox 470 2797 571 2840; x_wconf 89' lang='lat' dir='ltr'>causa</span> <span class='ocrx_word' id='word_1_159' title='bbox 594 2776 800 2841; x_wconf 84' lang='lat' dir='ltr'>contusionis</span> <span class='ocrx_word' id='word_1_160' title='bbox 823 2783 856 2840; x_wconf 90' lang='lat' dir='ltr'>et</span> <span class='ocrx_word' id='word_1_161' title='bbox 878 2777 1072 2861; x_wconf 89' lang='lat' dir='ltr'>corruptelae</span> <span class='ocrx_word' id='word_1_162' title='bbox 1095 2777 1203 2840; x_wconf 83' lang='lat' dir='ltr'>fuerit.</span> 
     </span>
    </p>
   </div>
   <div class='ocr_carea' id='block_1_3' title="bbox 242 3118 1320 3204">
    <p class='ocr_par' dir='ltr' id='par_1_3' title="bbox 242 3118 1320 3204">
     <span class='ocr_line' id='line_1_21' title="bbox 242 3118 1320 3204; baseline 0.003 -22"><span class='ocrx_word' id='word_1_163' title='bbox 242 3119 366 3196; x_wconf 83' lang='lat' dir='ltr'>Restat,</span> <span class='ocrx_word' id='word_1_164' title='bbox 401 3125 447 3196; x_wconf 88' lang='lat' dir='ltr'>ut,</span> <span class='ocrx_word' id='word_1_165' title='bbox 482 3125 664 3204; x_wconf 87' lang='lat' dir='ltr'>antequam</span> <span class='ocrx_word' id='word_1_166' title='bbox 693 3118 861 3183; x_wconf 87' lang='lat' dir='ltr'>scribendi</span> <span class='ocrx_word' id='word_1_167' title='bbox 889 3120 991 3183; x_wconf 88' lang='lat' dir='ltr'>finem</span> <span class='ocrx_word' id='word_1_168' title='bbox 1023 3120 1120 3197; x_wconf 77' lang='lat' dir='ltr'>facio,</span> <span class='ocrx_word' id='word_1_169' title='bbox 1154 3121 1320 3186; x_wconf 85' lang='lat' dir='ltr'>maximas</span> 
     </span>
    </p>
   </div>
   <div class='ocr_carea' id='block_1_4' title="bbox 155 3239 1426 3326">
    <p class='ocr_par' dir='ltr' id='par_1_4' title="bbox 155 3239 1426 3326">
     <span class='ocr_line' id='line_1_22' title="bbox 155 3239 1426 3326; baseline 0.002 -21"><span class='ocrx_word' id='word_1_170' title='bbox 155 3243 278 3326; x_wconf 83' lang='lat' dir='ltr'>gratias</span> <span class='ocrx_word' id='word_1_171' title='bbox 309 3262 408 3324; x_wconf 85' lang='lat' dir='ltr'>agam</span> <span class='ocrx_word' id='word_1_172' title='bbox 439 3239 570 3304; x_wconf 92' lang='lat' dir='ltr'>duobus</span> <span class='ocrx_word' id='word_1_173' title='bbox 600 3242 681 3306; x_wconf 88' lang='lat' dir='ltr'>viris</span> <span class='ocrx_word' id='word_1_174' title='bbox 711 3240 912 3305; x_wconf 87' lang='lat' dir='ltr'>doctissimis</span> <span class='ocrx_word' id='word_1_175' title='bbox 941 3241 985 3304; x_wconf 92' lang='lat' dir='ltr'>M.</span> <span class='ocrx_word' id='word_1_176' title='bbox 1010 3240 1044 3304; x_wconf 83' lang='grc' dir='ltr'>Ο.</span> <span class='ocrx_word' id='word_1_177' title='bbox 1069 3241 1202 3306; x_wconf 84' lang='lat' dir='ltr'>Gertzio</span> <span class='ocrx_word' id='word_1_178' title='bbox 1225 3247 1258 3306; x_wconf 91' lang='lat' dir='ltr'>et</span> <span class='ocrx_word' id='word_1_179' title='bbox 1281 3242 1318 3307; x_wconf 91' lang='grc' dir='ltr'>Ο.</span> <span class='ocrx_word' id='word_1_180' title='bbox 1422 3316 1426 3324; x_wconf 46' lang='lat'>,</span> 
     </span>
    </p>
   </div>
   <div class='ocr_carea' id='block_1_5' title="bbox 156 3361 1321 3691">
    <p class='ocr_par' dir='ltr' id='par_1_5' title="bbox 156 3361 1321 3691">
     <span class='ocr_line' id='line_1_23' title="bbox 157 3361 1320 3447; baseline 0 -20"><span class='ocrx_word' id='word_1_181' title='bbox 157 3362 323 3447; x_wconf 82' lang='lat' dir='ltr'>Siesbyeo,</span> <span class='ocrx_word' id='word_1_182' title='bbox 348 3383 492 3446; x_wconf 90' lang='lat' dir='ltr'>quorum</span> <span class='ocrx_word' id='word_1_183' title='bbox 512 3361 567 3425; x_wconf 90' lang='lat' dir='ltr'>ille</span> <span class='ocrx_word' id='word_1_184' title='bbox 590 3362 793 3426; x_wconf 87' lang='lat' dir='ltr'>sententiam</span> <span class='ocrx_word' id='word_1_185' title='bbox 815 3383 912 3426; x_wconf 89' lang='lat' dir='ltr'>suam</span> <span class='ocrx_word' id='word_1_186' title='bbox 935 3361 975 3426; x_wconf 90' lang='lat' dir='ltr'>de</span> <span class='ocrx_word' id='word_1_187' title='bbox 992 3361 1221 3447; x_wconf 88' lang='lat' dir='ltr'>compluribus</span> <span class='ocrx_word' id='word_1_188' title='bbox 1240 3363 1320 3427; x_wconf 87' lang='lat' dir='ltr'>locis</span> 
     </span>
     <span class='ocr_line' id='line_1_24' title="bbox 156 3481 1321 3560; baseline 0.002 -13"><span class='ocrx_word' id='word_1_189' title='bbox 156 3505 289 3548; x_wconf 87' lang='lat' dir='ltr'>mecum</span> <span class='ocrx_word' id='word_1_190' title='bbox 318 3482 589 3560; x_wconf 88' lang='lat' dir='ltr'>communicavit,</span> <span class='ocrx_word' id='word_1_191' title='bbox 622 3482 677 3546; x_wconf 92' lang='lat' dir='ltr'>hic</span> <span class='ocrx_word' id='word_1_192' title='bbox 712 3483 746 3547; x_wconf 90' lang='lat' dir='ltr'>in</span> <span class='ocrx_word' id='word_1_193' title='bbox 780 3489 849 3546; x_wconf 90' lang='lat' dir='ltr'>toto</span> <span class='ocrx_word' id='word_1_194' title='bbox 878 3481 962 3547; x_wconf 90' lang='lat' dir='ltr'>libro</span> <span class='ocrx_word' id='word_1_195' title='bbox 988 3490 1021 3547; x_wconf 90' lang='lat' dir='ltr'>et</span> <span class='ocrx_word' id='word_1_196' title='bbox 1049 3483 1260 3548; x_wconf 90' lang='lat' dir='ltr'>emendando</span> <span class='ocrx_word' id='word_1_197' title='bbox 1287 3492 1321 3549; x_wconf 93' lang='lat' dir='ltr'>et</span> 
     </span>
     <span class='ocr_line' id='line_1_25' title="bbox 156 3603 884 3691; baseline -0.001 -22"><span class='ocrx_word' id='word_1_198' title='bbox 156 3604 373 3691; x_wconf 90' lang='lat' dir='ltr'>perpoliendo</span> <span class='ocrx_word' id='word_1_199' title='bbox 396 3626 528 3668; x_wconf 90' lang='lat' dir='ltr'>summo</span> <span class='ocrx_word' id='word_1_200' title='bbox 552 3625 650 3689; x_wconf 89' lang='lat' dir='ltr'>opere</span> <span class='ocrx_word' id='word_1_201' title='bbox 673 3625 727 3668; x_wconf 92' lang='lat' dir='ltr'>me</span> <span class='ocrx_word' id='word_1_202' title='bbox 745 3603 884 3670; x_wconf 88' lang='lat' dir='ltr'>adiuvit.</span> 
     </span>
    </p>
   </div>
   <div class='ocr_carea' id='block_1_6' title="bbox 195 3845 1265 3926">
    <p class='ocr_par' dir='ltr' id='par_1_6' title="bbox 195 3845 1265 3926">
     <span class='ocr_line' id='line_1_26' title="bbox 195 3845 1265 3926; baseline -0.01 -13"><span class='ocrx_word' id='word_1_203' title='bbox 195 3855 215 3918; x_wconf 81' lang='lat'>¹)</span> <span class='ocrx_word' id='word_1_204' title='bbox 236 3859 437 3926; x_wconf 71' lang='lat' dir='ltr'>Comparantur</span> <span class='ocrx_word' id='word_1_205' title='bbox 457 3858 543 3911; x_wconf 85' lang='lat' dir='ltr'>verba</span> <span class='ocrx_word' id='word_1_206' title='bbox 560 3858 621 3911; x_wconf 86' lang='lat' dir='ltr'>illa:</span> <span class='ocrx_word' id='word_1_207' title='bbox 642 3849 684 3906; x_wconf 78' lang='grc' dir='ltr'>ὅτι</span> <span class='ocrx_word' id='word_1_208' title='bbox 703 3851 756 3906; x_wconf 75' lang='grc' dir='ltr'>τῶν</span> <span class='ocrx_word' id='word_1_209' title='bbox 775 3852 951 3922; x_wconf 83' lang='grc' dir='ltr'><strong><em>ταραξάντων</em></strong></span> <span class='ocrx_word' id='word_1_210' title='bbox 971 3850 1048 3905; x_wconf 72' lang='grc' dir='ltr'><strong><em>οὐδὲν</em></strong></span> <span class='ocrx_word' id='word_1_211' title='bbox 1067 3845 1099 3919; x_wconf 79' lang='grc' dir='ltr'>ἦν</span> <span class='ocrx_word' id='word_1_212' title='bbox 1117 3851 1265 3922; x_wconf 66' lang='lat' dir='ltr'>diademis.</span> 
     </span>
    </p>
   </div>
   <div class='ocr_carea' id='block_1_7' title="bbox 0 0 1658 5144">
    <p class='ocr_par' dir='ltr' id='par_1_7' title="bbox 0 0 1658 5144">
     <span class='ocr_line' id='line_1_27' title="bbox 0 0 1658 5144; baseline 0 5"><span class='ocrx_word' id='word_1_213' title='bbox 0 0 1658 5144; x_wconf 95' lang='lat' dir='ltr'> </span> 
     </span>
    </p>
   </div>
  </div>
 </body>
</html>
