3282 5146
721 478 761 541 55

162 676 222 735 aut
249 668 332 754 quid
360 669 565 754 significent3
588 668 712 734 excidit
734 670 805 734 sine
828 667 931 734 dubio
953 674 1028 753 post
1057 668 1203 738 ἐπαίνους
1225 667 1323 752 pe1ti-

162 791 289 876 cipium
326 789 420 858 verbi
458 789 600 855 alicuius
639 790 790 856 studium
830 796 864 856 et
901 789 1054 856 ardorem
1093 788 1321 874 significantis,

161 934 241 978 casu
274 912 318 977 ad
351 911 541 998 praecedens
574 913 662 994 αὐτῷ
694 910 985 978 accommodatum
1022 910 1116 978 velut
1148 911 1320 975 σπεύδοντι.
1345 893 1383 1008 ἲν

162 1034 216 1100 Sic
247 1033 385 1099 demum
414 1033 498 1098 ratio
528 1039 665 1098 constat.
710 1032 813 1098 Aliud
839 1040 999 1118 praeterea
1025 1032 1133 1100 levius
1160 1008 1357 1123 mendum

160 1157 283 1221 horum
299 1153 480 1222 verborum
503 1153 621 1219 fefellit
638 1154 745 1219 aciem
763 1154 968 1232 criticorum;
986 1175 1065 1218 nam
1085 1160 1144 1219 aut
1161 1152 1322 1219 delendus

161 1282 212 1342 est
233 1275 393 1341 articulus
415 1281 493 1340 ante
515 1281 611 1357 τριῶν
637 1282 697 1340 eut
724 1281 802 1340 ante
830 1295 909 1340 eum
936 1273 1200 1360 interponendus
1227 1295 1323 1359 gene-

162 1398 253 1464 tivus
275 1397 484 1481 pronominis
506 1395 762 1462 demonstrativi
782 1397 912 1460 τούτων.
955 1394 1146 1460 Articulum
1168 1396 1204 1460 in
1225 1395 1324 1480 parti-

161 1517 224 1582 bus
247 1539 359 1582 rerum
381 1538 522 1583 numero
544 1518 739 1603 significatis
762 1524 795 1582 et
816 1518 898 1602 poni
919 1523 953 1582 et
974 1517 1092 1595 omitti,
1116 1522 1235 1582 notum
1257 1522 1321 1596 est;

161 1661 280 1706 verum
312 1638 371 1704 ubi
399 1645 509 1704 totum
540 1638 634 1717 illud,
668 1638 710 1704 de
743 1639 839 1704 cuius
872 1636 1023 1723 partibus
1056 1638 1176 1722 agitur,
1210 1639 1321 1723 ipsum

160 1781 321 1826 numerus
354 1766 412 1838 est,
447 1767 485 1825 ut
516 1761 581 1826 hoc
613 1761 694 1839 loco,
723 1760 885 1826 articulus
915 1759 981 1824 nisi
1009 1759 1045 1824 in
1074 1759 1124 1837 iia,
1159 1780 1235 1843 quae
1268 1759 1321 1825 vel

161 1882 264 1966 vulgo
285 1881 339 1948 vel
361 1881 497 1946 aliunde
519 1883 599 1946 satia
622 1888 702 1948 note
724 1889 812 1959 sunt,
836 1880 962 1965 ubique
984 1880 1086 1946 abest.

155 2147 192 2210 p.
215 2126 263 2191 44
261 2123 296 2214 s
311 2131 401 2210 (cap.
426 2124 546 2207 XIII).

244 2246 326 2310 ὅπου
339 2246 399 2329 γὰρ
412 2247 522 2328 ἐμετοῦ
539 2246 617 2317 τινὲς
628 2247 770 2328 ἐγκώμια
789 2294 795 2307 .
809 2295 815 2307 .
829 2295 835 2307 .
857 2244 1102 2326 ἐπιδεικνύμενοι
1114 2243 1321 2327 πιθανότητος

159 2369 219 2432 οὐκ
241 2368 435 2450 ἀμοιροῦσιν,
458 2367 558 2450 ἦπου
577 2368 670 2450 λόγος
686 2368 737 2432 ὑπ’
757 2365 874 2449 ἀνδρὸς
891 2367 1093 2448 ἀμωσγέπως
1113 2365 1319 2452 ὃοκοῦντοςῆ

158 2490 356 2571 καλουμένου
380 2489 557 2572 φιλοσόφου
579 2489 805 2571 περαινόμενος
827 2488 886 2551 οὐκ
909 2489 948 2550 ἂν
965 2487 1049 2558 ὅλως
1071 2487 1233 2569 ἀναπνοήν
1254 2509 1319 2550 τινα

158 2611 211 2674 καὶ
233 2609 344 2692 καιρὸν
366 2611 535 2692 ἀκροαταῖς
557 2612 697 2694 εὐμενέσι
719 2610 773 2674 καλ
795 2609 1035 2692 φιλανθρώποις
1060 2609 1217 2691 παράσχοι
1239 2607 1320 2691 πρὸς

159 2735 293 2796 ἔπαινον.

243 2853 412 2936 Παράσχοι
434 2850 561 2937 praebet
581 2851 671 2916 solus
688 2852 734 2930 D;
757 2852 890 2934 παρέχοι
911 2849 1175 2934 Bongarsianus;
1199 2849 1320 2934 reliqui

158 2981 338 3058 παρασχεῖν.
398 2973 463 3039 Pro
491 2973 645 3039 omnium
677 2971 831 3038 codicum
860 2971 1025 3056 scriptura
1052 2971 1155 3041 ἄλλως
1188 2973 1223 3053 γέ
1248 2995 1319 3042 πιος

156 3094 353 3180 ponendum
370 3115 441 3160 esee
458 3095 660 3180 ἁμωσγέπως
682 3099 760 3159 ante
778 3092 989 3176 Madvigium
998 3091 1021 3175 1)
1044 3090 1130 3157 vidit
1145 3091 1318 3172 Reiskius;

156 3216 246 3281 idem
273 3217 326 3283 vir
359 3215 476 3282 doctus
503 3215 608 3281 sensit
634 3215 792 3280 traditam
821 3214 1022 3299 scripturam
1049 3215 1222 3279 sententiae
1250 3236 1319 3280 non

156 3338 360 3416 satisfacere;
384 3336 425 3402 de
447 3337 529 3403 vitio
552 3337 583 3402 ei
604 3337 640 3402 iu
662 3336 879 3402 annotatione
902 3335 1017 3400 critica
1039 3333 1319 3419 Wyttenbachius

156 3459 346 3537 assentitur,
369 3456 427 3522 sed
450 3458 649 3536 coniectura,
672 3479 776 3542 quam
797 3458 869 3542 ipse
893 3457 1059 3542 proponit,
1083 3476 1178 3539 aeque
1200 3455 1318 3520 infelix

156 3587 207 3646 est
226 3601 265 3646 ac
287 3579 424 3645 Reiskii.
464 3579 540 3657 Hic,
562 3579 622 3663 qui
644 3578 821 3644 deteriores
841 3577 970 3644 codices
988 3582 1122 3642 secutus
1146 3583 1319 3660 παρασχεῖν

155 3703 284 3780 retinet,
303 3703 363 3766 οὐκ
381 3703 421 3765 ἂν
439 3701 541 3772 οὕτως
552 3701 597 3783 εἴη
616 3701 747 3783 φαῦλος,
766 3700 909 3764 ὥστόὗὸ’
929 3698 1092 3780 ἀναπνοήν
1104 3696 1318 3763 scribendum
1440 3775 1459 3821 f
1510 3756 1539 3798 d

156 3845 227 3888 esse
249 3829 370 3902 censet,
392 3820 651 3910 Wyttenbachio
673 3822 787 3887 omnia
814 3818 964 3906 expediri
993 3817 1160 3897 videntur,
1184 3819 1212 3883 si
1234 3819 1318 3890 ὅλως
1391 3835 1409 3870 a
1520 3839 1527 3854 ·

155 3945 192 4010 in
236 3945 309 4016 ὅλος
347 3950 504 4009 mutetur.
567 3942 695 4007 Neuter
732 3941 896 4008 intellexit
936 3940 989 4007 vel
1029 3940 1076 4006 sic
1114 3939 1317 4007 vocabulum

155 4069 326 4151 ἀναπνοήν,
359 4087 401 4132 ex
433 4086 501 4150 quo
534 4071 621 4130 ce1te
661 4070 848 4129 nascuntur
880 4062 1102 4140 difficultates
1137 4060 1315 4127 offendere.

156 4189 328 4271 Ἀναπνσήν
346 4213 400 4251 τινι
418 4193 590 4270 παρασχεῖν
606 4185 687 4269 πρὸς
704 4188 832 4250 ἔπαινον
854 4191 903 4250 est
919 4183 1106 4270 respirandi
1122 4182 1316 4248 facultatem

156 4369 351 4377 -——-——
359 4369 366 4374 -
840 4367 956 4372 —---
968 4365 1045 4372 -,--.
1053 4365 1149 4370 .—-—·-
1155 4364 1315 4371 ---.—--....

185 4455 207 4520 ¹)
227 4457 266 4514 cf.
285 4458 399 4513 Advers.
418 4459 474 4513 crit.
493 4459 504 4513 l
522 4475 550 4527 p.
568 4457 628 4512 616.
